2386 3922
386 132 413 205 1,
433 140 474 191 11.
494 140 537 191 m.
557 138 592 189 1s
610 138 747 207 (ro-18).
1034 136 1073 201 31

58 302 131 381 quin
154 300 249 363 fratre
272 302 438 381 praemisso
464 300 599 381 explorat
622 320 769 363 accessus.
810 300 859 363 ille
883 310 1075 381 pernoctem

10 400 21 510 p
58 392 192 469 pastorio
220 389 323 451 habitu
351 388 521 470 apotolatus
548 392 648 451 omnia
675 390 768 451 refert
795 397 891 451 tutum
919 394 985 452 iter.
1032 394 1110 452 sies

10 516 16 555 1
59 477 169 541 Fabius
200 477 348 539 Maximus
383 478 671 558 periculosissimum
702 477 813 539 bellum
845 482 910 539 sine
942 480 1075 558 periculo

10 606 15 657 ⁵.
62 566 210 647 explicuit„
248 584 317 628 nam
340 566 439 629 subito
462 567 631 629 inconditos
655 574 743 647 atque
766 567 892 647 palantis
916 568 1075 646 adgressus

10 660 25 743 1-
41 662 106 716 rest
135 658 293 736 captisque
325 656 532 736 superioribus
566 658 643 735 iugis
676 659 707 717 in
740 656 890 717 subiectos
925 675 978 716 suo
1012 659 1076 717 iure

10 760 15 789 τ
66 743 203 805 letonnit
227 762 263 806 ea
285 762 414 824 namque
437 746 554 825 speeies
577 744 633 805 tuit
657 744 736 805 illius
759 744 838 825 hetti,
862 747 947 823 quasi
965 747 996 805 in
1015 754 1109 809 ter-o

10 876 15 909 ;
50 834 179 911 rigente
201 851 219 893 e
242 832 325 894 eaelo
348 852 382 893 ao
404 833 535 894 nubibus
553 832 612 893 tela
631 835 807 894 iacerentur.
846 852 900 894 nee
918 836 1108 897 incruentae

10 920 14 949 ³
69 926 158 982 nmen
188 921 240 982 illa
268 924 400 982 victoria.
445 940 514 983 nam
545 940 707 1000 oppressus
734 925 765 981 in
794 924 861 982 sinu
889 922 973 982 vallis
1001 922 1075 982 alter

10 954 18 1057 1
71 1009 217 1072 consulum
234 1008 344 1071 Decius
362 1027 445 1071 more
463 1012 561 1089 patrio
579 1010 718 1071 devotum
737 1011 795 1070 diis
814 1010 950 1071 manitus
970 1010 1076 1089 optulit

71 1106 158 1180 eaput,
181 1098 416 1179 sollemnemque
439 1098 568 1159 familiae
592 1117 663 1160 suae
686 1102 941 1160 consecrationem
966 1102 997 1159 in
1017 1102 1074 1159 vic·

72 1190 155 1248 toriae
178 1190 310 1266 pretium
332 1188 456 1265 redegit.

302 1418 378 1479 xlll.
409 1418 560 1479 BELLVM
582 1418 834 1480 transmitit.

130 1560 273 1639 Sequitur
299 1560 411 1622 bellum
433 1561 643 1641 Tarentinum,
670 1580 762 1621 tinum
791 1561 911 1639 quidem
935 1560 1020 1621 titulo
1044 1568 1074 1621 et
1086 1560 1126 1625 18

71 1651 191 1730 nomine,
209 1649 263 1709 sed
281 1652 406 1710 victoria
424 1649 587 1729 multiplex.
620 1649 676 1710 hoe
691 1652 771 1710 enim
786 1648 951 1728 Campanos
965 1649 1074 1728 Apulos

69 1744 149 1817 atque
176 1736 313 1799 Lucanos
346 1746 376 1799 et
408 1745 496 1818 eaput
528 1737 598 1798 belli
626 1738 815 1819 Tarentinos,
849 1739 878 1799 id
910 1747 955 1799 est
982 1746 1074 1799 totam

68 1822 173 1887 ltaliam
203 1834 233 1887 et
256 1844 325 1887 eum
347 1827 395 1888 his
418 1826 556 1888 omnibus
580 1826 738 1908 Pyrrhum,
762 1827 960 1889 clarissimum
984 1828 1073 1888 Grae-

67 1915 124 1975 ciae
151 1933 267 1996 regem,
295 1934 354 1977 una
381 1916 473 1977 veluti
500 1918 586 1976 ruina
614 1910 727 1995 pariter
750 1917 886 1997 involvit,
913 1923 946 1977 ut
969 1917 1072 1977 eodem

65 2006 195 2083 tempore
215 2011 246 2065 et
263 2003 376 2065 ltaliam
395 2011 616 2065 consummaret
634 2012 664 2064 et
678 2008 893 2066 transmarinos
907 2006 1073 2083 triumphos

65 2095 275 2171 auspicaretur.
316 2093 469 2174 Tarentos,
491 2092 792 2154 Lacedaemoniorum
817 2113 900 2174 opus,
924 2093 1074 2154 Calabriae
1094 2108 1109 2155 1

130 2299 154 2353 Ι
168 2304 183 2351 1
204 2297 364 2369 exploraret
380 2299 409 2352 A
427 2298 555 2368 eriploret
572 2299 599 2352 L
615 2301 618 2368 1
636 2314 768 2352 accensos
787 2300 808 2351 I
821 2300 861 2366 112
882 2297 1020 2365 pastorali
1038 2298 1074 2364 A,

62 2375 131 2425 oto.
155 2370 179 2424 Ι
198 2374 249 2438 15,·
268 2375 319 2437 18,
341 2374 375 2438 4,·
397 2374 480 2437 47,2
505 2372 510 2442 1
534 2371 595 2423 tum
620 2369 675 2424 iter
697 2370 731 2423 N
760 2369 831 2422 Tum
855 2370 913 2437 (oro.
938 2367 1002 2436 iter)
1025 2367 1075 2435 le

62 2438 172 2495 libello
189 2442 223 2495 io
240 2440 347 2495 bollum
364 2447 431 2496 mut.
450 2441 501 2509 Ll
527 2437 1075 2509 111110111141111111111101111-

61 2502 152 2566 lentes
170 2512 240 2567 AN
243 2511 284 2566 'L
305 2513 310 2580 1
368 2528 480 2581 gressus
498 2512 525 2566 L
548 2514 558 2582 11
580 2516 596 2565 ὁ
620 2512 760 2567 subiectos
785 2512 932 2581 (posterior
954 2527 967 2563 s
990 2527 1076 2580 supra

23 2588 36 2643 ‘.
59 2594 165 2638 mauro
182 2600 218 2637 m.
232 2584 260 2652 1)
274 2585 302 2638 Β
320 2528 373 2637 εζῖ
391 2582 480 2637 ieotos
499 2586 646 2653 (posterior
664 2602 677 2637 s
695 2602 783 2653 supra
799 2600 906 2638 versure
923 2601 957 2637 m.
972 2585 1004 2650 2)
1023 2582 1057 2636 N
1069 2582 1072 2653 1

62 2664 108 2708 mo
135 2669 216 2707 more
243 2653 271 2706 L
297 2654 408 2710 monae.
437 2655 530 2709 Palot.
562 2654 636 2708 Iovis
663 2672 740 2710 more
767 2656 884 2724 Lipsius
910 2653 971 2708 sino
998 2670 1074 2708 more

62 2720 196 2781 Heinsius
224 2741 331 2780 summo
358 2724 460 2779 timore
481 2726 633 2794 Dorleans,
655 2734 685 2782 at
707 2746 731 2782 o.
755 2727 793 2780 ΙΙ
808 2731 837 2794 5,
858 2730 875 2780 3
897 2728 906 2795 11
929 2733 944 2781 ‘t
968 2742 1002 2780 oo
1024 2743 1074 2781 our.

62 2790 141 2867 1119
160 2794 307 2849 eonsolum
321 2798 361 2866 111
377 2802 410 2850 10
429 2796 517 2851 solem
534 2812 654 2865 nemque
672 2801 704 2852 io
722 2796 941 2865 sollemnemque
959 2800 1076 2854 morosos

64 2862 100 2917 s¹
118 2866 340 2936 sollemnemque
355 2870 447 2937 (prior
459 2867 471 2920 l
484 2885 571 2937 sopra
583 2886 688 2924 versum
702 2887 736 2923 or.
752 2872 779 2937 1)
793 2868 828 2922 N
838 2867 1076 2938 sollempnemque

65 2933 87 2989 L
106 2940 117 3009 1
142 2945 174 2992 11
194 2937 307 3009 peregit
324 2939 353 2993 B
375 2940 384 3008 11
407 2943 440 2991 12
463 2938 592 2996 suuni*
607 2941 696 3008 (moso
718 2946 757 2994 est
774 2941 807 3009 u)
826 2952 1075 3003 passurorum,-

67 3005 94 3073 (1
110 3012 145 3064 in
162 3012 276 3078 rasura)
294 3010 328 3063 N
347 3012 356 3079 11
381 3014 413 3062 13
432 3009 561 3065 Necdum
579 3012 688 3065 etrusco
707 3009 783 3064 bello
802 3012 932 3079 exempto
950 3024 1015 3061 mox
1034 3023 1076 3060 se·

10 3084 20 3121 :
69 3079 158 3199 quitur
174 3079 351 3135 tarentinum
369 3082 410 3150 ΙΙ
430 3080 516 3135 titulo
535 3099 585 3137 om.
604 3080 688 3153 1111
706 3080 817 3135 nomine
835 3082 924 3149 11114
943 3081 986 3132 set
1005 3079 1027 3144 (t
1045 3080 1077 3129 io

10 3154 23 3195 ἵ
106 3153 225 3207 mutavit
249 3170 283 3207 m.
304 3154 331 3221 11
359 3152 388 3206 Β
414 3156 418 3219 1
443 3153 593 3235 multiplex
623 3152 654 3205 in
685 3150 813 3205 uictoriis
841 3152 860 3204 1
885 3152 894 3219 11
922 3154 955 3202 15
984 3148 1076 3213 adque

10 3228 19 3295 ’ξ
72 3216 421 3293 (tantummono
444 3225 479 3279 N
500 3228 504 3294 1
528 3226 559 3277 1d
582 3225 637 3294 est]
660 3222 706 3277 ide
725 3224 752 3276 L
778 3224 781 3291 1
806 3236 878 3289 pene
898 3226 961 3288 post
983 3219 1074 3271 totam

10 3314 27 3338 r-
75 3292 167 3349 1111
184 3296 195 3363 1
218 3299 252 3348 16
274 3292 319 3347 his
339 3294 402 3349 13¹1
420 3294 456 3349 iis
475 3298 503 3350 B
520 3295 584 3349 istis
605 3295 786 3364 Olpyrrum
804 3291 857 3345 LI
873 3294 877 3359 1
898 3290 1077 3358 epyrotarum

10 3370 28 3411 33
76 3365 255 3446 ostepreoiae
274 3366 338 3420 adel.
358 3367 380 3419 I
397 3368 407 3435 11
433 3372 464 3420 17
484 3369 631 3420 uteorum
649 3366 675 3419 L
693 3369 702 3435 11
722 3370 755 3418 18
774 3363 952 3418 consumeret
971 3360 997 3412 L
1014 3361 1023 3428 11
1043 3364 1075 3411 19

12 3456 30 3479 ’“
78 3438 226 3576 tutti
244 3436 272 3560 1
289 3434 1077 3575 111111111111111111111111
