2386 3922
370 138 572 192 Picumno
590 139 761 193 EDITORIS
854 221 855 225 Ἰ
1011 137 1074 192 LIII

55 305 234 365 narratione
262 304 301 364 ab
328 323 363 364 eo
391 304 542 382 discrepat
569 307 600 365 et
627 305 855 382 dispositionem
882 306 1001 366 omnino
1029 307 1073 366 di·

55 411 181 456 versam
213 394 361 472 sequitur,
393 397 496 454 tamen
527 393 594 455 fiori
625 414 684 454 non
716 397 838 472 poterat
866 396 940 473 quin
966 395 1074 454 Florus

56 483 212 562 quaedam
241 482 279 542 ab
306 482 473 543 clarissimo
501 483 555 543 illo
584 486 615 542 et
641 484 716 543 bene
744 483 802 542 sibi
829 488 901 544 noto
930 484 1073 543 historico

55 574 186 651 peteret.
236 571 334 632 multo
366 590 438 633 vero
470 572 568 650 magis
598 572 637 631 ad
665 571 824 631 Claudiani
852 575 884 632 et
901 573 1075 633 *Neroniani

55 661 182 739 imperii
211 661 373 736 scriptores
400 660 528 720 inchnat
556 664 588 720 et
609 660 788 738 praesertim
812 662 851 721 ad
874 680 924 721 eos
947 680 1075 738 quorum

56 754 132 810 tunc
156 766 276 809 summa
299 750 464 809 auctoritas
486 752 554 809 erat
575 749 610 808 L.
627 749 770 810 Annaeos
793 749 935 826 Senecas,
957 753 1075 826 patrem

57 843 90 900 ct
111 830 254 921 filium1).
292 857 353 916 qua
371 838 409 897 de
427 858 460 898 re
478 856 548 897 cum
566 838 627 898 iam
645 838 707 898 alio
726 839 792 898 loco
811 839 1030 916 disputaverim
1038 831 1075 920 ²)

54 929 106 988 hic
136 927 281 1006 graviora
296 930 428 987 tantum
454 929 643 1005 maximeque
673 947 708 987 ea
734 927 771 987 de
796 928 906 1005 quibus
928 931 998 1004 post
1021 928 1075 987 hos

54 1020 178 1094 septem
199 1033 294 1076 annos
317 1015 406 1076 ahter
429 1016 527 1076 sentio
549 1017 709 1093 proferam.
745 1019 865 1077 constat
884 1017 1072 1090 Senecam,
1096 1025 1166 1065 Senes

53 1125 151 1184 quem
188 1105 341 1169 rhetorem
378 1105 547 1183 appellant,
582 1106 719 1165 buteriae
751 1106 789 1164 ab
820 1108 903 1165 lollio
936 1035 1191 1172 bellorusriffl.ii,1.:

52 1196 192 1255 medicor
214 1185 284 1274 (·i·
277 1193 544 1254 ·aseditionibns
568 1187 764 1276 Gracchanis)
791 1212 883 1269 esoce
907 1197 948 1254 cd
976 1197 1076 1254 morus

52 1301 133 1345 suae
156 1283 234 1342 diem
256 1282 419 1360 scripsisse,
443 1301 519 1361 quas
541 1283 606 1358 ipse
628 1301 688 1342 non
711 1283 806 1343 edidit
830 1284 882 1344 sed
904 1283 967 1344 filio
989 1285 1075 1343 emit·

52 1372 170 1434 tendas
197 1371 331 1449 reliquit
377 1372 408 1430 id
437 1371 518 1449 quod
544 1390 577 1430 ro
604 1390 678 1433 vcra
705 1373 820 1432 factum
843 1391 908 1450 esse
932 1378 963 1432 et
985 1373 1076 1432 buius

10 1526 14 1541 ,
53 1461 154 1525 verba
173 1460 369 1538 comprobant
386 1461 474 1521 initio
494 1460 564 1519 libri
581 1462 617 1520 dc
629 1463 691 1520 otto
706 1464 806 1535 patris
820 1463 939 1522 servata
954 1453 1074 1542 (fragm.

10 1608 12 1613 .
54 1554 98 1613 98
122 1549 170 1610 ed.
188 1548 289 1609 Haase
308 1574 351 1598 ==
369 1570 397 1625 p.
416 1549 515 1609 XXXI
534 1550 579 1609 ed.
600 1542 818 1632 Studemund):
837 1553 864 1610 ai
882 1568 1076 1625 quoecumque

10 1706 20 1719 ..
54 1640 221 1714 oomposud
236 1642 325 1712 pater
342 1656 424 1698 meus
443 1642 470 1698 ct
491 1640 546 1698 edi
567 1640 771 1698 solstitium
792 1641 824 1698 ιιι
846 1658 953 1699 mortue
970 1640 1076 1714 populi

10 1722 19 1731 ’
55 1731 220 1790 assason
247 1730 279 1787 et
306 1727 366 1787 duo
390 1728 560 1805 fragmenta
583 1747 602 1787 a
624 1727 784 1789 Lactantio
807 1730 877 1791 inst.
901 1729 991 1790 divin.
1015 1728 1074 1788 VH

10 1846 28 1899 ἑ
57 1819 174 1896 15,14
203 1820 235 1877 et
262 1836 282 1876 a
310 1815 455 1877 Suetonio
484 1817 548 1878 Tib.
579 1823 596 1877 7
601 1820 619 1877 3
647 1817 769 1877 tradita.
815 1819 875 1878 iam
898 1819 980 1878 felici
1002 1836 1074 1878 casu

10 1902 28 1967 T
59 1908 162 1968 evenit
186 1910 223 1966 ut
243 1905 373 1966 Senecae
396 1904 489 1966 verba
513 1925 591 1984 quae
614 1907 696 1983 apud
713 1907 909 1967 Lactantium
930 1908 1075 1984 leguntur

10 2058 17 2067 ,
58 1997 166 2057 eodem
197 1995 260 2055 fere
292 1995 381 2056 modo
412 1994 501 2054 illum
534 1997 626 2072 atque
654 1995 778 2055 Florum
809 1997 916 2073 populi
947 1997 1075 2055 Romani

10 2090 20 2167 3
60 2104 131 2145 cum
157 2102 221 2144 uno
248 2083 368 2144 homine
397 2083 564 2159 comparati
585 2085 724 2161 tempora
745 2084 777 2142 in
800 2087 916 2144 aetates
938 2084 1075 2145 divisisse

59 2173 233 2246 ostendant,
250 2172 411 2233 infantiam
429 2171 666 2233 adulescentiam
684 2172 874 2231 iuventutem
889 2176 1075 2232 senectutem

10 2304 14 2311 -
61 2261 267 2339 constituisse,
289 2261 431 2322 libertate
455 2261 511 2321 sub
530 2259 763 2336 imperatoribus
783 2261 893 2320 amissa
913 2261 1076 2320 terminum

60 2354 156 2428 atque
179 2349 269 2409 finem
291 2349 435 2410 historiae
457 2349 645 2427 imposuisse.
681 2349 739 2408 hoc
761 2349 857 2427 igitur
879 2350 986 2425 utique
1007 2368 1075 2408 con-

60 2439 230 2499 cedendum
262 2441 309 2498 est
341 2441 373 2498 et
404 2456 577 2499 concessum
610 2440 657 2498 est
683 2437 722 2497 ab
750 2435 784 2498 Ο.
809 2437 923 2515 Iabnio‚
956 2437 1075 2497 homine

60 2518 281 2609 cautissimo³),
303 2527 428 2587 Florum
449 2546 468 2585 a
486 2528 599 2588 Seneca
617 2528 781 2605 imaginem
798 2528 884 2586 illam
902 2529 1075 2587 mutuatum

60 2635 135 2677 esse.
182 2616 263 2694 quod
290 2616 317 2676 si
345 2635 451 2677 verum
479 2620 525 2676 est
555 2621 586 2676 et
617 2617 643 2676 si
665 2616 799 2676 tenueris
824 2616 948 2676 Florum
976 2617 1075 2677 distri·

134 2806 161 2872 1)
179 2802 255 2872 patri
283 2818 395 2871 quoque
424 2819 595 2873 praenomen
616 2803 703 2859 Lucio
731 2801 818 2857 fuisse
845 2801 876 2856 Ε.
896 2801 1077 2857 Woelfflinus

57 2873 196 2944 probarit
216 2873 317 2928 ‘musei
335 2873 474 2928 Rhenani’
496 2874 518 2927 L
537 2877 629 2944 (1335)
646 2892 673 2944 p.
689 2880 750 2929 320.

134 2948 161 3014 2)
182 2945 234 3000 ‘De
258 2945 381 3000 Senecae
403 2943 565 3014 philosophi
588 2944 724 2999 librorum
746 2944 909 2999 recensione
933 2946 962 2998 et
984 2961 1077 2999 emen-

62 3015 192 3070 datione’
212 3034 238 3085 p.
256 3022 330 3070 162s
352 3060 357 3071 .

133 3090 160 3168 3)
178 3086 266 3157 praef
287 3105 450 3157 p..
487 3103 545 3140 non
571 3103 636 3141 curo
663 3104 710 3144 eos
733 3087 783 3155 qui
801 3103 890 3156 nuper
909 3085 1001 3139 causis
1020 3104 1077 3140 non

58 3156 158 3213 allatis
192 3157 394 3213 dubitaverunt
424 3173 492 3210 num
522 3157 628 3212 Seneca
659 3175 678 3213 a
704 3158 787 3214 Floro
820 3156 965 3212 adhibitus
987 3162 1075 3212 ..esset

58 3229 173 3300 gaudeo
196 3231 294 3283 tamen
322 3228 397 3296 quod
420 3241 493 3295 quae
516 3227 547 3282 in
574 3227 646 3283 libro
673 3246 758 3299 supra
780 3231 936 3283 memorato
960 3229 1076 3298 exposui

59 3318 125 3354 cum
149 3299 270 3354 aliorum
296 3298 417 3353 virorum
437 3297 690 3354 eruditissimorum
709 3316 854 3355 assensum
872 3298 998 3355 tulerunt
1015 3304 1075 3355 tum

60 3372 99 3426 ab
115 3370 142 3425 S
157 3369 317 3425 Brandtio
309 3388 339 3424 m
353 3367 496 3424 Lactantii
513 3370 673 3453 divinamm
690 3370 901 3426 institutionum
914 3371 1074 3427 recensione

57 3446 164 3497 a.1890
179 3441 346 3512 evulgatap
348 3440 469 3508 CXIsq.
485 3445 514 3496 et
528 3447 579 3497 633
593 3441 674 3497 noris
689 3441 862 3512 argumentis
875 3441 987 3498 firmata
1001 3447 1073 3500 sunt

58 3514 95 3568 of.
106 3512 195 3567 etiam
208 3512 300 3581 Pauly
317 3514 345 3567 et
355 3511 493 3566 Wissowa
509 3513 802 3583 ‘Realencyclopbdie'
818 3513 831 3566 l
844 3531 870 3583 p
878 3519 946 3570 2231
957 3517 987 3570 et
996 3520 1081 3568 caba
