2386 3922
368 205 571 258 PRAEFATIO
588 206 759 259 EDITORIS
963 204 1068 260 XXVII

49 373 163 432 borum
191 372 373 448 archetypus
401 364 460 451 (A)
488 373 675 450 restituitur,
711 392 801 448 quem
832 374 953 434 saeculo
981 377 1065 435 sexto
1080 388 1184 442 A=n÷

49 460 152 520 medio
174 460 374 522 vetustiorem
396 460 489 520 fuisse
512 479 632 520 necesse
655 464 709 521 est.

118 548 164 609 At
182 550 261 610 enim
279 549 312 608 in
330 548 501 627 indaganda
514 550 664 626 epitomae
679 551 824 610 memoria
838 552 931 610 etiam
944 556 1067 630 praeter

52 638 176 698 Rullum
197 639 324 698 Festum
346 640 377 698 et
400 637 608 716 Augustinum
630 657 723 716 supra
745 639 881 699 Iordanis
913 645 944 700 et
967 640 1066 701 Orosii

50 733 191 805 tempora
214 728 374 787 escendere
401 728 481 786 licet.
526 748 596 787 nam
620 728 780 804 capitum
802 728 1067 805 inscriptiones

53 817 203 895 genuinas
226 835 287 876 non
309 835 374 877 esse
396 819 432 876 ut
455 835 492 876 ex
517 817 583 893 ipso
607 816 690 876 Flori
717 817 841 876 consilio
868 817 1068 896 intellegitur,

55 905 109 984 qui
132 905 223 983 quasi
245 905 376 983 quadam
398 905 512 965 tabella
534 924 603 964 cum
622 905 690 964 aliis
707 905 781 965 viris
800 906 943 965 historiae
961 907 1068 982 peritis

48 999 119 1055 tum
142 994 317 1055 rhetoribus
338 995 446 1071 populi
468 994 597 1053 Romani
621 994 861 1072 magnitudinem
889 994 1067 1055 adumbrare

49 1083 187 1160 volebat,
216 1082 355 1143 libellum
376 1084 513 1159 puerulis
537 1083 729 1143 ediscendum
754 1086 785 1143 et
807 1084 838 1142 in
861 1084 1067 1161 paragrapbos

10 1246 12 1255 Ι
49 1173 231 1232 distinctum
249 1190 426 1248 componere
449 1171 581 1247 nolebat,
602 1172 648 1232 ita
669 1172 798 1231 maxime
822 1172 974 1249 capitibus
997 1172 1067 1231 libri

10 1264 12 1331 l
49 1260 179 1321 secundi
205 1263 288 1320 sexto
317 1263 348 1320 et
371 1260 498 1336 septimo
521 1253 734 1340 (p.124‚1⁶2)
758 1260 985 1338 comprobatur,
1013 1261 1066 1320 ubi

49 1351 197 1410 ultimum
224 1349 350 1409 verbum
365 1353 530 1423 ,awamqae
553 1349 615 1408 sive
643 1349 674 1407 in
702 1349 799 1409 altera
830 1350 1003 1409 recensione
1035 1352 1068 1409 id

49 1439 298 1513 qualitercumque
320 1437 357 1496 ab
381 1457 416 1497 eo
440 1438 578 1515 quisquis
600 1437 739 1497 libellum
761 1439 793 1496 in
816 1438 917 1515 capita
945 1438 1067 1499 diremit

51 1527 326 1605 inscriptionesque
344 1527 447 1603 posuit
465 1546 524 1586 uon
542 1529 623 1586 recte
646 1527 837 1587 intellectum
860 1530 892 1587 et
909 1528 948 1587 ad
966 1529 1065 1604 proxi·

10 1668 12 1673 .
49 1638 136 1677 mum
160 1619 253 1694 caput
275 1618 408 1675 tractum
430 1619 488 1693 eet,
516 1616 627 1675 titulus
649 1635 721 1677 vero
744 1617 849 1675 bettcaa
871 1617 975 1675 servite
996 1620 1067 1693 post

49 1706 256 1782 penultimum
282 1704 408 1764 verbum
434 1704 542 1780 capitis
574 1705 650 1764 sexti
681 1707 814 1764 literatior
844 1707 971 1782 positus.
1017 1725 1066 1766 ac·

47 1795 132 1854 cedit
168 1794 250 1871 quod
276 1794 439 1852 nonnullae
467 1794 676 1870 inscriptiones
704 1813 773 1853 cum
799 1795 866 1870 ipsa
893 1796 1065 1855 narratione

48 1878 114 1943 non
141 1883 218 1942 bene
246 1882 429 1942 conveniunt
450 1882 538 1943 velut
559 1883 633 1941 141
660 1884 765 1942 bettuac
782 1886 956 1962 piraticae,
985 1885 1066 1961 quod

48 1973 77 2032 si
99 1972 185 2032 Flori
212 1971 305 2031 verba
327 1971 463 2049 sequaris
486 1975 518 2032 et
539 1972 596 2031 hoc
619 1976 712 2049 caput
734 1973 814 2031 inter
836 1973 918 2033 bella
941 1976 1065 2032 externa

48 2061 112 2138 legi
142 2063 280 2137 reputes,
313 2061 418 2119 balbam
446 2060 571 2120 Otltccm
600 2061 769 2122 vocandum
803 2065 869 2121 erat
901 2064 932 2120 ot
962 2061 994 2121 Π
1022 2065 1064 2122 34

43 2167 110 2224 poa
141 2149 320 2208 Paatlscrcm
352 2153 378 2208 et
408 2151 582 2209 consecratio
613 2148 759 2223 Augusti,
792 2168 975 2227 quamquam
1009 2152 1064 2210 sub

49 2239 142 2299 finem
170 2239 279 2314 capitis
306 2241 427 2298 tantum
450 2238 620 2297 sanctitatis
643 2237 772 2297 nominis
795 2239 929 2315 Augusti
951 2240 1064 2299 mentio

50 2326 95 2406 fis,
118 2346 180 2387 non
204 2328 438 2387 consecrationis
460 2329 530 2403 post
553 2326 677 2385 obitum.
706 2328 840 2384 ceterum
861 2327 947 2385 nolui
971 2329 1064 2386 omni·

50 2415 107 2476 bns
134 2416 198 2475 illis
226 2416 343 2476 omissis
371 2416 410 2475 ad
438 2416 608 2492 exemplum
632 2414 770 2475 Scabodii
792 2414 961 2492 legentium
985 2433 1064 2474 com-

48 2505 141 2565 modo
175 2504 286 2564 obesse.
337 2505 398 2564 fait
429 2515 532 2564 autem
564 2505 617 2563 ille
649 2505 738 2564 homo
771 2503 823 2581 qui
855 2503 1064 2579 inscriptiones

47 2594 168 2670 primus
190 2594 294 2670 posuit
319 2613 380 2653 non
406 2594 554 2654 indoctus.
599 2593 631 2652 id
660 2595 742 2671 quod
763 2612 823 2652 non
848 2593 946 2652 solum
969 2612 1005 2651 ea
1029 2612 1065 2652 ex

46 2701 82 2741 re
105 2683 301 2759 perspicitur,
332 2683 413 2759 quod
439 2684 617 2761 plerumque
642 2683 788 2742 sectiones
810 2682 900 2741 iustis
922 2681 996 2741 locis
1019 2682 1064 2741 in-

48 2771 156 2831 stituit
175 2773 207 2830 et
225 2772 298 2830 satis
318 2775 388 2848 apte
407 2775 587 2849 argumenta
604 2772 759 2843 indicavit,
783 2790 887 2832 verum
906 2770 953 2829 bis
971 2772 1064 2830 etiam

47 2858 198 2921 vocabulo
216 2861 471 2934 anacephalaeosis
489 2879 563 2920 usus
581 2863 627 2921 est
645 2853 675 2942 (l
696 2864 729 2937 23
753 2853 853 2941 40¹).
890 2860 972 2937 quod
994 2879 1063 2919 cum

48 2949 233 3009 vetustiores
266 2950 456 3026 grammatici
487 2950 573 3009 velut
600 2948 714 3008 Atilius
741 2948 980 3008 Fortunatianus
1007 2951 1063 3007 art.

48 3037 128 3097 rhet.
146 3037 178 3096 11
196 3040 235 3097 31
267 3041 298 3096 et
324 3039 438 3097 Marius
468 3037 642 3097 Victorinus
670 3055 768 3115 expos.
796 3037 827 3096 in
850 3037 882 3097 H
904 3038 979 3096 rhet.
1004 3036 1064 3097 Oic.

50 3129 85 3202 2,
104 3127 147 3186 48
180 3144 276 3203 usque
304 3127 343 3185 ad
370 3127 555 3185 Martiarum
582 3125 737 3203 Capellam
764 3125 793 3183 V
812 3129 875 3187 564
906 3129 1063 3203 usurpent,

46 3217 154 3292 patres
172 3233 243 3276 vero
263 3215 404 3274 ecclesiae
424 3216 492 3274 inde
512 3215 549 3274 ab
566 3215 738 3293 Augustino
757 3215 794 3273 de
813 3215 868 3275 civ.
889 3215 936 3274 dei
950 3213 1006 3273 XV
1021 3218 1060 3275 21

48 3303 197 3362 Latinum
224 3305 423 3377 recapitulatio
450 3303 594 3382 habeant,
622 3303 838 3382 grammaticus
867 3303 919 3362 ille
943 3306 1062 3364 saeculo

47 3410 76 3452 a.
101 3391 170 3452 chr.
194 3395 303 3469 quarto
331 3393 508 3454 tribuendus
535 3393 664 3454 videtur.
711 3394 830 3452 constat
855 3393 935 3452 enim
957 3395 1062 3453 eodem

116 3583 150 3649 Ι1)
169 3598 194 3633 v.
214 3579 288 3633 infra
306 3598 333 3649 p.
349 3581 403 3633 LX.

1081 747 1182 795 capitum

1081 801 1184 848 scripum
