2386 3922
404 163 606 215 PRAEFATIO
624 163 796 216 EDITOBIS
1032 162 1106 216 XLV

158 329 257 400 Quem
278 329 403 389 Florum
431 347 491 388 non
517 329 669 389 diversum
698 329 768 389 esse'
790 329 828 389 ab
852 331 986 390 eiusdem
1009 332 1105 390 nomi-

84 420 136 479 nis
155 422 249 496 poeta
267 421 299 478 et
316 416 465 477 Hadriani
486 418 592 494 amieo,
616 417 703 477 cuius
727 436 830 478 versus
849 421 1010 480 nonnullos
1029 419 1105 479 Oba·

85 509 180 569 risius
209 507 390 585 Spartianus
423 507 600 585 anthologia
627 506 738 565 Latina
770 513 983 585 servaverunt,
1015 510 1106 568 multi

86 596 303 675 opinabantur.
354 615 539 673 quamquam
576 595 655 654 enim
688 594 842 656 Charisius
877 616 945 656 eum
972 596 1107 656 Annium

87 685 267 764 appellavit,
290 687 397 745 notum
419 689 465 744 est
487 703 556 743 cum
575 685 697 743 aliunde
720 690 787 744 tum
811 705 847 744 ex
865 685 898 744 L.
917 685 1035 745 Annaei
1054 687 1106 746 Se·

89 793 184 836 necae
208 773 362 834 codicibus
390 793 482 851 quam
509 792 599 851 saepe
622 773 677 831 hoc
700 792 809 834 nomen
832 793 900 833 cum
924 775 1016 833 simili
1039 794 1107 834 con·

89 865 193 924 fusum
216 864 265 923 sit
311 881 401 941 porro
426 862 576 938 epitomae
599 880 695 940 genus
719 862 835 922 dicendi
858 863 1011 938 poeticum
1034 865 1106 923 huic

87 952 261 1013 sententiae
294 951 384 1012 valde
415 952 506 1010 favet.
557 951 609 1011 sed
640 951 763 1011 invento
794 971 813 1010 a
840 952 893 1011 Th.
919 951 1046 1012 Oehlero
1074 954 1106 1011 in

86 1042 194 1103 codice
212 1040 405 1101 Bruxellensi
424 1042 532 1100 10877
551 1041 664 1100 saeculi
683 1039 852 1100 duodecimi
869 1042 1024 1117 prooemio
1042 1042 1106 1100 dia-

85 1122 196 1213 10311),
225 1130 278 1208 qui
304 1130 338 1188 P.
356 1126 451 1188 Aucti
473 1129 560 1188 Flort
589 1129 733 1203 Vergilias
759 1134 857 1189 orator
884 1148 925 1188 ou
946 1135 1035 1204 poeto
1061 1131 1106 1188 in·

86 1219 235 1280 scribitur
253 1221 285 1279 et
302 1237 321 1277 a
338 1218 372 1277 F.
387 1218 553 1278 Bitschelio
573 1212 679 1276 ‘musei
697 1213 846 1278 Rhenani'
866 1239 894 1280 n.
914 1239 935 1278 s.
956 1219 971 1277 I
989 1212 1105 1301 (1842)

87 1329 117 1386 p.
138 1309 260 1386 302sq.
292 1307 424 1384 primum
457 1307 557 1366 editus
584 1310 646 1378 est,
678 1307 882 1368 dubitationes
909 1308 982 1368 viris
1010 1308 1106 1367 doctis

88 1397 216 1458 obortae
253 1399 333 1456 sunt.
386 1415 456 1455 nam
493 1396 613 1455 etiamsi
644 1397 724 1455 hunc
757 1397 949 1474 scriptorem,
986 1398 1039 1473 qui
1076 1416 1106 1456 se

86 1505 221 1564 puerum
254 1487 285 1544 in
317 1485 397 1544 ludis
426 1483 606 1560 Capitolinis
637 1503 656 1543 a
687 1486 861 1545 Domitiano
892 1486 1042 1545 institutis
1070 1487 1106 1545 de

88 1575 227 1653 praemio
251 1574 414 1636 certavisse
437 1577 542 1632 narrat
565 1577 596 1632 et
614 1574 738 1633 Traiani
756 1575 900 1634 Dacicum
918 1575 1106 1651 triumphum

87 1667 249 1741 memorat,
272 1663 400 1723 eundem
423 1665 516 1739 atque
539 1666 660 1740 poetam
684 1681 747 1723 esse
770 1683 881 1742 negare
904 1684 963 1723 non
986 1664 1106 1742 licebat,

87 1753 248 1812 nominum
281 1752 442 1813 diversitas
475 1751 627 1812 efficiebat
658 1754 694 1812 ut
726 1753 859 1829 epitoma
890 1754 980 1813 alteri
1014 1754 1105 1814 Floro

88 1842 145 1920 qui
167 1859 223 1900 uec
242 1841 398 1919 dialogum
426 1859 480 1901 nec
507 1841 640 1900 carmina
668 1843 885 1918 composuisset
911 1843 1105 1904 tribueretur.

88 1934 227 1991 attamen
255 1930 345 1989 nimis
372 1948 489 1989 morose
517 1930 642 1990 Iahnius
670 1923 712 2012 (p.
732 1925 827 2016 XLV)
852 1951 902 1992 eos
925 1933 1106 1992 temeritatis

86 2019 280 2080 insimulavit
300 2019 353 2096 qui
370 2018 403 2078 P.
422 2017 557 2079 Annium
580 2023 611 2078 et
629 2019 662 2079 L.
681 2020 841 2080 Annaeum
864 2016 981 2081 ‘contra
1004 2040 1105 2081 omnes

87 2101 197 2168 libros'
221 2109 348 2167 eundem
371 2108 523 2167 hominem
547 2126 611 2167 esse
630 2109 854 2170 contenderent.
886 2129 978 2187 quam
995 2112 1106 2189 exigua

88 2197 172 2258 enim
199 2197 310 2257 codicis
333 2197 538 2256 Bruxellensis
565 2196 684 2255 saeculo
709 2196 883 2256 duodecimo
911 2200 1107 2277 neglegenter

88 2286 209 2346 exarati
244 2287 276 2344 in
312 2285 468 2361 scriptoris
501 2285 621 2343 nomine
654 2284 834 2344 stabiliendo
867 2287 1033 2346 auctoritas
1066 2289 1106 2347 sit

85 2375 181 2434 facile
205 2374 396 2452 perspicitur,
418 2373 597 2452 praesertim
620 2391 689 2432 cum
711 2373 742 2431 in
768 2373 902 2432 eiusdem
925 2376 1034 2435 aetatis
1054 2376 1106 2434 Se·

87 2481 184 2523 necae
203 2462 261 2522 filii
279 2463 432 2522 codicibus
450 2462 541 2522 huius
560 2481 677 2539 nomen,
699 2462 735 2521 de
755 2481 815 2540 quo
835 2461 969 2521 dubitari
991 2464 1105 2541 nequit,

86 2553 122 2612 in
140 2552 261 2612 Annius
284 2552 459 2630 frequenter
482 2555 658 2629 corruptum
681 2553 728 2613 sit.
775 2551 882 2612 deinde
905 2570 976 2612 vero
1000 2572 1105 2630 quam·

86 2661 183 2720 quam
212 2641 245 2700 in
273 2641 498 2718 quaestionibus
527 2641 563 2700 de
591 2641 780 2720 homonymis
807 2641 1003 2702 instituendis
1026 2662 1106 2702 sum-

86 2826 282 2910 (bdontpellier
301 2831 381 2898 1871)
404 2831 433 2883 et
455 2829 505 2897 qui
527 2829 602 2899 fugit
620 2828 763 2911 Huebneri
782 2828 967 2910 Teuffeliique
986 2828 1106 2910 diligen-

86 2901 176 2967 tiam,
203 2901 358 2968 epitomem
374 2917 402 2981 ¹e
428 2899 510 2954 Floro
540 2903 724 2981 compositam
752 2916 812 2954 esse
839 2918 935 2982 magis¹
960 2900 1106 2980 contendit

87 2986 179 3038 quam
201 2969 402 3040 comprobant.
436 2987 502 3024 nam
525 2969 592 3022 Iul11
612 2988 715 3026 nomen
738 2970 839 3026 soloB
862 2972 999 3026 traditum
1020 2987 1105 3024 mnus

86 3039 195 3111 pressit
218 3042 247 3094 et
269 3039 342 3095 mira
365 3040 547 3111 computandi
569 3040 678 3096 ratione
701 3048 759 3111 p.8
783 3060 850 3096 usus
869 3045 925 3111 est,
949 3041 999 3096 ubi
1022 3040 1104 3096 dicit:

89 3114 156 3181 ‘pas
183 3113 323 3182 becucoeur
349 3114 496 3208 miste
522 3115 580 3167 200
606 3115 668 3167 ous’
695 3131 736 3201 ces
760 3120 854 3169 terme
878 3114 1018 3185 siquitem
1040 3129 1105 3168 sous

87 3185 420 3337 Q)1dmniidddd
438 3185 941 3337 pppaelpogcpfilspnapxsosschopeni
964 3254 1105 3309 sententia

89 3341 155 3380 eam
171 3324 400 3407 “praefationem
428 3325 668 3407 declamatoriam'
697 3326 868 3396 putavisset,
898 3343 983 3395 quam
1005 3326 1104 3381 Florus

90 3395 265 3451 carmimbus
285 3414 342 3450 suis
361 3400 564 3466 praem1s1sset,
587 3415 645 3451 iam
663 3397 756 3452 verius
776 3399 812 3453 ob
831 3397 907 3451 Flori
927 3415 989 3452 cum
1013 3397 1103 3453 amice

91 3466 208 3523 Baetice
237 3467 409 3539 colloquium
438 3467 567 3538 dialogus
591 3468 765 3537 agnoscitur,
794 3487 819 3522 v.
840 3468 1103 3524 Teuffel-Schwabe

90 3537 187 3594 Rac⁶
204 3556 231 3609 p.
247 3544 297 3593 881
318 3541 347 3593 et
364 3539 396 3592 It.
411 3538 505 3594 Hirzel
526 3539 588 3593 ‘der
604 3539 719 3609 Dialog’
739 3540 766 3593 II
783 3558 810 3610 p.
826 3546 860 3594 63
871 3558 911 3610 eq.
