<?xml version="1.0" encoding="UTF-8"?>
<!DOCTYPE html PUBLIC "-//W3C//DTD XHTML 1.0 Transitional//EN"
    "http://www.w3.org/TR/xhtml1/DTD/xhtml1-transitional.dtd">
<html xmlns="http://www.w3.org/1999/xhtml" xml:lang="en" lang="en">
 <head>
  <title>
</title>
<meta http-equiv="Content-Type" content="text/html;charset=utf-8" />
  <meta name='ocr-system' content='tesseract 3.04.00' />
  <meta name='ocr-capabilities' content='ocr_page ocr_carea ocr_par ocr_line ocrx_word'/>
</head>
<body>
  <div class='ocr_page' id='page_1' title='image "./lannaeifloriepi01florgoog_0348.png"; bbox 0 0 2386 3922; ppageno 0'>
   <div class='ocr_carea' id='block_1_1' title="bbox 528 155 1093 220">
    <p class='ocr_par' dir='ltr' id='par_1_1' title="bbox 528 155 1093 220">
     <span class='ocr_line' id='line_1_1' title="bbox 528 155 1093 220; baseline 0.004 -2"><span class='ocrx_word' id='word_1_1' title='bbox 528 156 642 208; x_wconf 78' lang='lat' dir='ltr'>INDEX</span> <span class='ocrx_word' id='word_1_2' title='bbox 1027 155 1093 220; x_wconf 80' lang='lat'>265</span> 
     </span>
    </p>
   </div>
   <div class='ocr_carea' id='block_1_2' title="bbox 81 310 1103 3583">
    <p class='ocr_par' dir='ltr' id='par_1_2' title="bbox 100 310 1095 524">
     <span class='ocr_line' id='line_1_2' title="bbox 100 310 1094 383; baseline 0.003 -18"><span class='ocrx_word' id='word_1_3' title='bbox 100 311 253 381; x_wconf 85' lang='lat' dir='ltr'>supraTh.</span> <span class='ocrx_word' id='word_1_4' title='bbox 273 310 463 380; x_wconf 70' lang='grc'><strong>1611111022.</strong></span> <span class='ocrx_word' id='word_1_5' title='bbox 495 313 562 366; x_wconf 93' lang='lat' dir='ltr'>dum</span> <span class='ocrx_word' id='word_1_6' title='bbox 614 329 664 383; x_wconf 90' lang='lat' dir='ltr'>per</span> <span class='ocrx_word' id='word_1_7' title='bbox 702 312 902 369; x_wconf 82' lang='lat' dir='ltr'>Tiberinum</span> <span class='ocrx_word' id='word_1_8' title='bbox 943 315 1094 369; x_wconf 89' lang='lat' dir='ltr'>hostium</span> 
     </span>
     <span class='ocr_line' id='line_1_3' title="bbox 100 382 1095 457; baseline 0.003 -20"><span class='ocrx_word' id='word_1_9' title='bbox 100 382 234 437; x_wconf 89' lang='lat' dir='ltr'>Octavius</span> <span class='ocrx_word' id='word_1_10' title='bbox 248 385 366 436; x_wconf 90' lang='lat' dir='ltr'>mortem</span> <span class='ocrx_word' id='word_1_11' title='bbox 375 382 465 451; x_wconf 91' lang='lat' dir='ltr'>patris</span> <span class='ocrx_word' id='word_1_12' title='bbox 477 382 560 437; x_wconf 91' lang='lat' dir='ltr'>ulcis-</span> <span class='ocrx_word' id='word_1_13' title='bbox 634 384 703 438; x_wconf 85' lang='lat' dir='ltr'>Cato</span> <span class='ocrx_word' id='word_1_14' title='bbox 736 383 853 455; x_wconf 87' lang='lat' dir='ltr'>Cyprias</span> <span class='ocrx_word' id='word_1_15' title='bbox 888 403 954 457; x_wconf 91' lang='lat' dir='ltr'>opes</span> <span class='ocrx_word' id='word_1_16' title='bbox 986 386 1095 440; x_wconf 88' lang='lat' dir='ltr'>invexit</span> 
     </span>
     <span class='ocr_line' id='line_1_4' title="bbox 100 453 723 524; baseline 0.003 -16"><span class='ocrx_word' id='word_1_17' title='bbox 100 454 185 522; x_wconf 82' lang='lat' dir='ltr'>citur,</span> <span class='ocrx_word' id='word_1_18' title='bbox 214 453 316 507; x_wconf 87' lang='lat' dir='ltr'>iterum</span> <span class='ocrx_word' id='word_1_19' title='bbox 344 453 400 507; x_wconf 86' lang='lat' dir='ltr'>fuit</span> <span class='ocrx_word' id='word_1_20' title='bbox 421 455 561 509; x_wconf 88' lang='lat' dir='ltr'>movenda</span> <span class='ocrx_word' id='word_1_21' title='bbox 633 461 723 524; x_wconf 85' lang='lat'>106,1</span> 
     </span>
    </p>

    <p class='ocr_par' dir='ltr' id='par_1_3' title="bbox 81 526 1097 1379">
     <span class='ocr_line' id='line_1_5' title="bbox 100 526 1094 594; baseline 0.003 -14"><span class='ocrx_word' id='word_1_22' title='bbox 100 527 150 581; x_wconf 92' lang='lat' dir='ltr'>Th.</span> <span class='ocrx_word' id='word_1_23' title='bbox 172 530 263 594; x_wconf 88' lang='grc'><strong>166,4</strong></span> <span class='ocrx_word' id='word_1_24' title='bbox 614 526 799 581; x_wconf 88' lang='lat' dir='ltr'>Tiberinus</span> <span class='ocrx_word' id='word_1_25' title='bbox 830 527 945 581; x_wconf 89' lang='lat' dir='ltr'>iactatis</span> <span class='ocrx_word' id='word_1_26' title='bbox 972 528 1003 582; x_wconf 94' lang='lat' dir='ltr'>in</span> <span class='ocrx_word' id='word_1_27' title='bbox 1030 546 1094 583; x_wconf 93' lang='lat' dir='ltr'>eum</span> 
     </span>
     <span class='ocr_line' id='line_1_6' title="bbox 81 595 1093 667; baseline 0.001 -15"><span class='ocrx_word' id='word_1_28' title='bbox 81 615 131 667; x_wconf 90' lang='lat' dir='ltr'>per</span> <span class='ocrx_word' id='word_1_29' title='bbox 145 595 348 651; x_wconf 88' lang='lat' dir='ltr'>Thessalica</span> <span class='ocrx_word' id='word_1_30' title='bbox 362 596 466 665; x_wconf 81' lang='lat' dir='ltr'><strong>Tempe</strong></span> <span class='ocrx_word' id='word_1_31' title='bbox 479 597 561 651; x_wconf 89' lang='lat' dir='ltr'>Pom·</span> <span class='ocrx_word' id='word_1_32' title='bbox 632 598 752 652; x_wconf 87' lang='lat' dir='ltr'>Romulo</span> <span class='ocrx_word' id='word_1_33' title='bbox 772 601 800 652; x_wconf 92' lang='lat' dir='ltr'>et</span> <span class='ocrx_word' id='word_1_34' title='bbox 816 599 903 652; x_wconf 87' lang='lat' dir='ltr'>Remo</span> <span class='ocrx_word' id='word_1_35' title='bbox 923 616 1034 653; x_wconf 90' lang='lat' dir='ltr'>amnem</span> <span class='ocrx_word' id='word_1_36' title='bbox 1051 617 1093 654; x_wconf 91' lang='lat' dir='ltr'>re-</span> 
     </span>
     <span class='ocr_line' id='line_1_7' title="bbox 99 667 1096 739; baseline 0.002 -17"><span class='ocrx_word' id='word_1_37' title='bbox 99 669 181 739; x_wconf 89' lang='lat' dir='ltr'>peius</span> <span class='ocrx_word' id='word_1_38' title='bbox 199 685 270 736; x_wconf 90' lang='lat' dir='ltr'>equo</span> <span class='ocrx_word' id='word_1_39' title='bbox 284 667 359 737; x_wconf 88' lang='lat' dir='ltr'>fugit</span> <span class='ocrx_word' id='word_1_40' title='bbox 374 673 433 736; x_wconf 94' lang='grc'><strong>147,</strong></span> <span class='ocrx_word' id='word_1_41' title='bbox 445 674 468 722; x_wconf 90' lang='grc'>6.</span> <span class='ocrx_word' id='word_1_42' title='bbox 496 668 563 737; x_wconf 90' lang='lat' dir='ltr'>post</span> <span class='ocrx_word' id='word_1_43' title='bbox 632 670 736 739; x_wconf 88' lang='lat' dir='ltr'>pressit</span> <span class='ocrx_word' id='word_1_44' title='bbox 751 676 809 739; x_wconf 93' lang='grc'><strong>7,1.</strong></span> <span class='ocrx_word' id='word_1_45' title='bbox 837 670 868 724; x_wconf 90' lang='lat' dir='ltr'>T.</span> <span class='ocrx_word' id='word_1_46' title='bbox 888 670 1096 724; x_wconf 86' lang='lat' dir='ltr'>interfluentem</span> 
     </span>
     <span class='ocr_line' id='line_1_8' title="bbox 100 739 1095 810; baseline 0.001 -16"><span class='ocrx_word' id='word_1_47' title='bbox 100 739 217 809; x_wconf 90' lang='lat' dir='ltr'>Pompei</span> <span class='ocrx_word' id='word_1_48' title='bbox 226 740 341 793; x_wconf 87' lang='lat' dir='ltr'>caedem</span> <span class='ocrx_word' id='word_1_49' title='bbox 350 739 505 793; x_wconf 80' lang='lat' dir='ltr'>Thessalici</span> <span class='ocrx_word' id='word_1_50' title='bbox 519 739 561 792; x_wconf 91' lang='lat' dir='ltr'>in-</span> <span class='ocrx_word' id='word_1_51' title='bbox 632 740 696 794; x_wconf 90' lang='lat' dir='ltr'>urbi</span> <span class='ocrx_word' id='word_1_52' title='bbox 723 743 810 810; x_wconf 88' lang='lat' dir='ltr'>ponte</span> <span class='ocrx_word' id='word_1_53' title='bbox 835 741 976 795; x_wconf 90' lang='lat' dir='ltr'>commisit</span> <span class='ocrx_word' id='word_1_54' title='bbox 1000 743 1095 796; x_wconf 90' lang='lat' dir='ltr'>Ancus</span> 
     </span>
     <span class='ocr_line' id='line_1_9' title="bbox 101 810 1094 883; baseline 0.001 -18"><span class='ocrx_word' id='word_1_55' title='bbox 101 811 194 865; x_wconf 91' lang='lat' dir='ltr'>cendii</span> <span class='ocrx_word' id='word_1_56' title='bbox 204 810 561 880; x_wconf 84' lang='lat' dir='ltr'>cineresrecalueruut147,</span> <span class='ocrx_word' id='word_1_57' title='bbox 634 818 729 880; x_wconf 82' lang='grc'><strong>11,17.</strong></span> <span class='ocrx_word' id='word_1_58' title='bbox 756 813 787 866; x_wconf 90' lang='lat' dir='ltr'>T.</span> <span class='ocrx_word' id='word_1_59' title='bbox 805 812 928 866; x_wconf 88' lang='lat' dir='ltr'>fluminis</span> <span class='ocrx_word' id='word_1_60' title='bbox 943 829 993 867; x_wconf 86' lang='lat' dir='ltr'>ora</span> <span class='ocrx_word' id='word_1_61' title='bbox 1006 830 1094 883; x_wconf 92' lang='lat' dir='ltr'>popu-</span> 
     </span>
     <span class='ocr_line' id='line_1_10' title="bbox 102 883 1053 953; baseline 0.003 -18"><span class='ocrx_word' id='word_1_62' title='bbox 102 889 136 935; x_wconf 89' lang='grc'>14</span> <span class='ocrx_word' id='word_1_63' title='bbox 633 883 709 937; x_wconf 88' lang='lat' dir='ltr'>latus</span> <span class='ocrx_word' id='word_1_64' title='bbox 729 883 755 938; x_wconf 89' lang='lat' dir='ltr'>S.</span> <span class='ocrx_word' id='word_1_65' title='bbox 774 883 923 952; x_wconf 89' lang='lat' dir='ltr'>Pompeius</span> <span class='ocrx_word' id='word_1_66' title='bbox 944 890 1003 953; x_wconf 84' lang='lat'>161,</span> <span class='ocrx_word' id='word_1_67' title='bbox 1020 891 1053 938; x_wconf 87' lang='grc'>18</span> 
     </span>
     <span class='ocr_line' id='line_1_11' title="bbox 83 952 1096 1024; baseline 0.002 -17"><span class='ocrx_word' id='word_1_68' title='bbox 83 954 206 1021; x_wconf 80' lang='lat' dir='ltr'>Thoas,</span> <span class='ocrx_word' id='word_1_69' title='bbox 217 952 347 1007; x_wconf 78' lang='lat' dir='ltr'><strong>Aetoliae</strong></span> <span class='ocrx_word' id='word_1_70' title='bbox 356 953 494 1022; x_wconf 89' lang='lat' dir='ltr'>princeps,</span> <span class='ocrx_word' id='word_1_71' title='bbox 505 954 562 1005; x_wconf 91' lang='lat' dir='ltr'>An-</span> <span class='ocrx_word' id='word_1_72' title='bbox 616 954 724 1009; x_wconf 83' lang='lat' dir='ltr'>tibias</span> <span class='ocrx_word' id='word_1_73' title='bbox 742 954 904 1024; x_wconf 90' lang='lat' dir='ltr'>praecinere</span> <span class='ocrx_word' id='word_1_74' title='bbox 924 955 980 1009; x_wconf 84' lang='lat' dir='ltr'>sibi</span> <span class='ocrx_word' id='word_1_75' title='bbox 994 972 1012 1008; x_wconf 93' lang='lat' dir='ltr'>a</span> <span class='ocrx_word' id='word_1_76' title='bbox 1025 972 1096 1009; x_wconf 90' lang='lat' dir='ltr'>cena</span> 
     </span>
     <span class='ocr_line' id='line_1_12' title="bbox 101 1023 1094 1094; baseline 0.003 -16"><span class='ocrx_word' id='word_1_77' title='bbox 101 1025 227 1079; x_wconf 80' lang='lat' dir='ltr'>tiochum</span> <span class='ocrx_word' id='word_1_78' title='bbox 241 1023 272 1076; x_wconf 90' lang='lat' dir='ltr'>in</span> <span class='ocrx_word' id='word_1_79' title='bbox 285 1025 443 1077; x_wconf 87' lang='lat' dir='ltr'>Romanum</span> <span class='ocrx_word' id='word_1_80' title='bbox 456 1023 563 1078; x_wconf 92' lang='lat' dir='ltr'>bellum</span> <span class='ocrx_word' id='word_1_81' title='bbox 634 1026 745 1080; x_wconf 86' lang='lat' dir='ltr'>rediens</span> <span class='ocrx_word' id='word_1_82' title='bbox 764 1026 847 1080; x_wconf 91' lang='lat' dir='ltr'>iussit</span> <span class='ocrx_word' id='word_1_83' title='bbox 860 1026 983 1080; x_wconf 85' lang='lat' dir='ltr'>Duillius</span> <span class='ocrx_word' id='word_1_84' title='bbox 998 1032 1094 1094; x_wconf 96' lang='grc'><strong>43,17.</strong></span> 
     </span>
     <span class='ocr_line' id='line_1_13' title="bbox 102 1095 1096 1164; baseline 0.003 -16"><span class='ocrx_word' id='word_1_85' title='bbox 102 1095 207 1164; x_wconf 80' lang='lat' dir='ltr'>inpulit</span> <span class='ocrx_word' id='word_1_86' title='bbox 226 1100 268 1164; x_wconf 89' lang='grc'>66,</span> <span class='ocrx_word' id='word_1_87' title='bbox 285 1099 301 1147; x_wconf 87' lang='grc'>6</span> <span class='ocrx_word' id='word_1_88' title='bbox 635 1097 1096 1152; x_wconf 83' lang='lat' dir='ltr'>earumcantufruebanturGraeci</span> 
     </span>
     <span class='ocr_line' id='line_1_14' title="bbox 85 1165 1097 1237; baseline 0.001 -16"><span class='ocrx_word' id='word_1_89' title='bbox 85 1165 235 1221; x_wconf 91' lang='lat' dir='ltr'>Thorani</span> <span class='ocrx_word' id='word_1_90' title='bbox 250 1168 343 1220; x_wconf 91' lang='lat' dir='ltr'>castra</span> <span class='ocrx_word' id='word_1_91' title='bbox 353 1166 505 1235; x_wconf 82' lang='lat' dir='ltr'>Spartacus</span> <span class='ocrx_word' id='word_1_92' title='bbox 519 1182 563 1220; x_wconf 84' lang='lat' dir='ltr'>ra·</span> <span class='ocrx_word' id='word_1_93' title='bbox 635 1174 678 1236; x_wconf 87' lang='lat'>64,</span> <span class='ocrx_word' id='word_1_94' title='bbox 693 1173 716 1222; x_wconf 87' lang='lat'>8.</span> <span class='ocrx_word' id='word_1_95' title='bbox 747 1168 887 1223; x_wconf 83' lang='lat' dir='ltr'>Antiocho</span> <span class='ocrx_word' id='word_1_96' title='bbox 906 1169 944 1223; x_wconf 90' lang='lat' dir='ltr'>ad</span> <span class='ocrx_word' id='word_1_97' title='bbox 961 1168 1097 1237; x_wconf 85' lang='lat' dir='ltr'>Euripum</span> 
     </span>
     <span class='ocr_line' id='line_1_15' title="bbox 100 1238 1096 1308; baseline 0.002 -18"><span class='ocrx_word' id='word_1_98' title='bbox 100 1238 165 1308; x_wconf 90' lang='lat' dir='ltr'>puit</span> <span class='ocrx_word' id='word_1_99' title='bbox 184 1242 243 1306; x_wconf 92' lang='grc'><strong>128,</strong></span> <span class='ocrx_word' id='word_1_100' title='bbox 258 1243 275 1291; x_wconf 94' lang='grc'><strong>3</strong></span> <span class='ocrx_word' id='word_1_101' title='bbox 634 1239 821 1308; x_wconf 89' lang='lat' dir='ltr'>praefluentes</span> <span class='ocrx_word' id='word_1_102' title='bbox 836 1257 927 1308; x_wconf 88' lang='lat' dir='ltr'>aquae</span> <span class='ocrx_word' id='word_1_103' title='bbox 941 1240 1019 1294; x_wconf 89' lang='lat' dir='ltr'>tibiis</span> <span class='ocrx_word' id='word_1_104' title='bbox 1032 1257 1096 1294; x_wconf 90' lang='lat' dir='ltr'>con-</span> 
     </span>
     <span class='ocr_line' id='line_1_16' title="bbox 84 1306 860 1379; baseline 0.001 -16"><span class='ocrx_word' id='word_1_105' title='bbox 84 1309 231 1363; x_wconf 88' lang='lat' dir='ltr'>Thorius</span> <span class='ocrx_word' id='word_1_106' title='bbox 241 1307 358 1377; x_wconf 91' lang='lat' dir='ltr'>Pompei</span> <span class='ocrx_word' id='word_1_107' title='bbox 367 1308 478 1378; x_wconf 89' lang='lat' dir='ltr'>legatus</span> <span class='ocrx_word' id='word_1_108' title='bbox 488 1306 564 1360; x_wconf 92' lang='lat' dir='ltr'>bello</span> <span class='ocrx_word' id='word_1_109' title='bbox 635 1311 769 1364; x_wconf 91' lang='lat' dir='ltr'>cinebant</span> <span class='ocrx_word' id='word_1_110' title='bbox 788 1317 829 1379; x_wconf 87' lang='lat'>66,</span> <span class='ocrx_word' id='word_1_111' title='bbox 845 1317 860 1364; x_wconf 94' lang='grc'><strong>2</strong></span> 
     </span>
    </p>

    <p class='ocr_par' dir='ltr' id='par_1_4' title="bbox 85 1380 1099 1878">
     <span class='ocr_line' id='line_1_17' title="bbox 103 1380 1096 1448; baseline 0 -13"><span class='ocrx_word' id='word_1_112' title='bbox 103 1380 263 1435; x_wconf 80' lang='lat' dir='ltr'>Sertoriano</span> <span class='ocrx_word' id='word_1_113' title='bbox 284 1385 344 1448; x_wconf 91' lang='grc'><strong>136,</strong></span> <span class='ocrx_word' id='word_1_114' title='bbox 358 1385 375 1433; x_wconf 93' lang='grc'><strong>4</strong></span> <span class='ocrx_word' id='word_1_115' title='bbox 618 1382 723 1436; x_wconf 83' lang='lat' dir='ltr'>Tibur</span> <span class='ocrx_word' id='word_1_116' title='bbox 738 1382 930 1436; x_wconf 89' lang='lat' dir='ltr'>suburbanum</span> <span class='ocrx_word' id='word_1_117' title='bbox 944 1381 1012 1436; x_wconf 91' lang='lat' dir='ltr'>olim</span> <span class='ocrx_word' id='word_1_118' title='bbox 1025 1400 1096 1435; x_wconf 91' lang='lat' dir='ltr'>nun-</span> 
     </span>
     <span class='ocr_line' id='line_1_18' title="bbox 85 1450 1098 1524; baseline 0.002 -20"><span class='ocrx_word' id='word_1_119' title='bbox 85 1452 235 1505; x_wconf 90' lang='lat' dir='ltr'>Thracas</span> <span class='ocrx_word' id='word_1_120' title='bbox 254 1450 284 1503; x_wconf 92' lang='lat' dir='ltr'>in</span> <span class='ocrx_word' id='word_1_121' title='bbox 302 1451 375 1504; x_wconf 83' lang='lat' dir='ltr'>vires</span> <span class='ocrx_word' id='word_1_122' title='bbox 393 1466 457 1503; x_wconf 89' lang='lat' dir='ltr'>suas</span> <span class='ocrx_word' id='word_1_123' title='bbox 472 1451 564 1502; x_wconf 89' lang='lat' dir='ltr'>traxe·</span> <span class='ocrx_word' id='word_1_124' title='bbox 636 1453 747 1522; x_wconf 89' lang='lat' dir='ltr'>cupatis</span> <span class='ocrx_word' id='word_1_125' title='bbox 762 1452 793 1506; x_wconf 91' lang='lat' dir='ltr'>in</span> <span class='ocrx_word' id='word_1_126' title='bbox 807 1453 947 1523; x_wconf 85' lang='lat' dir='ltr'>Capitolio</span> <span class='ocrx_word' id='word_1_127' title='bbox 962 1454 1036 1508; x_wconf 86' lang='lat' dir='ltr'>votis</span> <span class='ocrx_word' id='word_1_128' title='bbox 1050 1470 1098 1524; x_wconf 92' lang='lat' dir='ltr'>pe-</span> 
     </span>
     <span class='ocr_line' id='line_1_19' title="bbox 103 1521 858 1593; baseline 0.003 -17"><span class='ocrx_word' id='word_1_129' title='bbox 103 1525 149 1576; x_wconf 92' lang='lat' dir='ltr'>rat</span> <span class='ocrx_word' id='word_1_130' title='bbox 161 1523 259 1576; x_wconf 88' lang='lat' dir='ltr'>Perses</span> <span class='ocrx_word' id='word_1_131' title='bbox 274 1522 392 1575; x_wconf 80' lang='lat' dir='ltr'>Macedo</span> <span class='ocrx_word' id='word_1_132' title='bbox 404 1527 446 1588; x_wconf 95' lang='grc'><strong>70,</strong></span> <span class='ocrx_word' id='word_1_133' title='bbox 456 1526 480 1574; x_wconf 88' lang='grc'>6.</span> <span class='ocrx_word' id='word_1_134' title='bbox 499 1521 565 1590; x_wconf 89' lang='lat' dir='ltr'>post</span> <span class='ocrx_word' id='word_1_135' title='bbox 635 1525 750 1578; x_wconf 91' lang='lat' dir='ltr'>tebatur</span> <span class='ocrx_word' id='word_1_136' title='bbox 768 1530 810 1593; x_wconf 93' lang='grc'>19,</span> <span class='ocrx_word' id='word_1_137' title='bbox 826 1531 858 1578; x_wconf 89' lang='grc'>16</span> 
     </span>
     <span class='ocr_line' id='line_1_20' title="bbox 102 1593 1099 1665; baseline 0.001 -18"><span class='ocrx_word' id='word_1_138' title='bbox 102 1593 564 1659; x_wconf 76' lang='lat' dir='ltr'>MacedonasTh.rebellant94‚2.</span> <span class='ocrx_word' id='word_1_139' title='bbox 618 1595 1099 1665; x_wconf 87' lang='lat' dir='ltr'>interTicinumetPadumprimi</span> 
     </span>
     <span class='ocr_line' id='line_1_21' title="bbox 105 1661 1098 1748; baseline 0.002 -30"><span class='ocrx_word' id='word_1_140' title='bbox 105 1663 262 1718; x_wconf 80' lang='lat' dir='ltr'>saevissimi</span> <span class='ocrx_word' id='word_1_141' title='bbox 299 1680 394 1718; x_wconf 92' lang='lat' dir='ltr'>eorum</span> <span class='ocrx_word' id='word_1_142' title='bbox 426 1661 566 1719; x_wconf 83' lang='lat' dir='ltr'>Scordisci</span> <span class='ocrx_word' id='word_1_143' title='bbox 636 1665 805 1720; x_wconf 80' lang='lat' dir='ltr'>Hannibalis</span> <span class='ocrx_word' id='word_1_144' title='bbox 819 1667 940 1748; x_wconf 90' lang='lat' dir='ltr'>impetus</span> <span class='ocrx_word' id='word_1_145' title='bbox 953 1668 1036 1721; x_wconf 91' lang='lat' dir='ltr'>turbo</span> <span class='ocrx_word' id='word_1_146' title='bbox 1051 1667 1098 1720; x_wconf 91' lang='lat' dir='ltr'>de·</span> 
     </span>
     <span class='ocr_line' id='line_1_22' title="bbox 103 1734 1099 1806; baseline 0.001 -16"><span class='ocrx_word' id='word_1_147' title='bbox 103 1741 203 1804; x_wconf 89' lang='grc'><strong>94,12.</strong></span> <span class='ocrx_word' id='word_1_148' title='bbox 235 1736 387 1804; x_wconf 75' lang='lat' dir='ltr'>Spartacus</span> <span class='ocrx_word' id='word_1_149' title='bbox 407 1735 442 1788; x_wconf 90' lang='lat' dir='ltr'>de</span> <span class='ocrx_word' id='word_1_150' title='bbox 460 1734 566 1803; x_wconf 89' lang='lat' dir='ltr'>stipen-</span> <span class='ocrx_word' id='word_1_151' title='bbox 636 1737 730 1791; x_wconf 90' lang='lat' dir='ltr'>tonuit</span> <span class='ocrx_word' id='word_1_152' title='bbox 744 1744 787 1806; x_wconf 85' lang='grc'>63,</span> <span class='ocrx_word' id='word_1_153' title='bbox 798 1744 822 1794; x_wconf 90' lang='grc'>6.</span> <span class='ocrx_word' id='word_1_154' title='bbox 848 1755 875 1792; x_wconf 92' lang='lat' dir='ltr'>e1</span> <span class='ocrx_word' id='word_1_155' title='bbox 894 1737 1020 1792; x_wconf 80' lang='lat' dir='ltr'>succedit</span> <span class='ocrx_word' id='word_1_156' title='bbox 1033 1738 1099 1792; x_wconf 90' lang='lat' dir='ltr'>Tre·</span> 
     </span>
     <span class='ocr_line' id='line_1_23' title="bbox 106 1805 796 1878; baseline 0.003 -18"><span class='ocrx_word' id='word_1_157' title='bbox 106 1806 196 1861; x_wconf 87' lang='lat' dir='ltr'>diario</span> <span class='ocrx_word' id='word_1_158' title='bbox 211 1806 262 1860; x_wconf 88' lang='lat' dir='ltr'>Tb.</span> <span class='ocrx_word' id='word_1_159' title='bbox 276 1806 358 1860; x_wconf 88' lang='lat' dir='ltr'>miles</span> <span class='ocrx_word' id='word_1_160' title='bbox 373 1811 485 1871; x_wconf 72' lang='grc'><strong>12812,</strong></span> <span class='ocrx_word' id='word_1_161' title='bbox 513 1805 565 1860; x_wconf 92' lang='lat' dir='ltr'>Th.</span> <span class='ocrx_word' id='word_1_162' title='bbox 636 1809 685 1863; x_wconf 89' lang='lat' dir='ltr'>bia</span> <span class='ocrx_word' id='word_1_163' title='bbox 704 1814 796 1878; x_wconf 88' lang='grc'><strong>63,12</strong></span> 
     </span>
    </p>

    <p class='ocr_par' dir='ltr' id='par_1_5' title="bbox 88 1877 1100 2302">
     <span class='ocr_line' id='line_1_24' title="bbox 105 1877 1100 1950; baseline 0.002 -19"><span class='ocrx_word' id='word_1_164' title='bbox 105 1879 156 1931; x_wconf 88' lang='lat' dir='ltr'>sub</span> <span class='ocrx_word' id='word_1_165' title='bbox 167 1878 295 1947; x_wconf 90' lang='lat' dir='ltr'>Augusto</span> <span class='ocrx_word' id='word_1_166' title='bbox 307 1877 427 1931; x_wconf 85' lang='lat' dir='ltr'>ferocius</span> <span class='ocrx_word' id='word_1_167' title='bbox 441 1877 567 1946; x_wconf 84' lang='lat' dir='ltr'>agebant</span> <span class='ocrx_word' id='word_1_168' title='bbox 619 1881 805 1950; x_wconf 84' lang='lat' dir='ltr'>Tigranen,</span> <span class='ocrx_word' id='word_1_169' title='bbox 832 1880 981 1935; x_wconf 81' lang='lat' dir='ltr'>Armeniae</span> <span class='ocrx_word' id='word_1_170' title='bbox 1003 1896 1100 1950; x_wconf 89' lang='lat' dir='ltr'>regem</span> 
     </span>
     <span class='ocr_line' id='line_1_25' title="bbox 106 1948 1098 2021; baseline 0.002 -18"><span class='ocrx_word' id='word_1_171' title='bbox 106 1955 171 2017; x_wconf 83' lang='lat'>169,</span> <span class='ocrx_word' id='word_1_172' title='bbox 195 1955 218 2004; x_wconf 84' lang='lat'>9.</span> <span class='ocrx_word' id='word_1_173' title='bbox 264 1948 464 2002; x_wconf 87' lang='lat' dir='ltr'>Rhoemetalce</span> <span class='ocrx_word' id='word_1_174' title='bbox 500 1963 566 2016; x_wconf 91' lang='lat' dir='ltr'>rege</span> <span class='ocrx_word' id='word_1_175' title='bbox 639 1950 802 2021; x_wconf 86' lang='lat' dir='ltr'>supplicem,</span> <span class='ocrx_word' id='word_1_176' title='bbox 818 1951 967 2021; x_wconf 90' lang='lat' dir='ltr'>Pompeius</span> <span class='ocrx_word' id='word_1_177' title='bbox 980 1968 1098 2021; x_wconf 87' lang='lat' dir='ltr'>regnare</span> 
     </span>
     <span class='ocr_line' id='line_1_26' title="bbox 105 2017 1099 2090; baseline 0.002 -17"><span class='ocrx_word' id='word_1_178' title='bbox 105 2020 282 2074; x_wconf 85' lang='lat' dir='ltr'>desciverant</span> <span class='ocrx_word' id='word_1_179' title='bbox 296 2026 356 2088; x_wconf 92' lang='grc'><strong>172,</strong></span> <span class='ocrx_word' id='word_1_180' title='bbox 371 2025 395 2073; x_wconf 92' lang='grc'>9.</span> <span class='ocrx_word' id='word_1_181' title='bbox 429 2036 446 2072; x_wconf 85' lang='grc'>6</span> <span class='ocrx_word' id='word_1_182' title='bbox 464 2017 566 2072; x_wconf 89' lang='lat' dir='ltr'>Pisone</span> <span class='ocrx_word' id='word_1_183' title='bbox 638 2022 721 2075; x_wconf 89' lang='lat' dir='ltr'>iussit</span> <span class='ocrx_word' id='word_1_184' title='bbox 736 2026 795 2090; x_wconf 93' lang='grc'><strong>100,</strong></span> <span class='ocrx_word' id='word_1_185' title='bbox 813 2029 836 2077; x_wconf 95' lang='grc'>1.</span> <span class='ocrx_word' id='word_1_186' title='bbox 871 2039 904 2077; x_wconf 90' lang='lat' dir='ltr'>eo</span> <span class='ocrx_word' id='word_1_187' title='bbox 923 2022 998 2077; x_wconf 87' lang='lat' dir='ltr'>victo</span> <span class='ocrx_word' id='word_1_188' title='bbox 1017 2024 1099 2077; x_wconf 89' lang='lat' dir='ltr'>Pom·</span> 
     </span>
     <span class='ocr_line' id='line_1_27' title="bbox 104 2090 1100 2163; baseline 0.003 -20"><span class='ocrx_word' id='word_1_189' title='bbox 104 2090 255 2161; x_wconf 83' lang='lat' dir='ltr'>perdomiti</span> <span class='ocrx_word' id='word_1_190' title='bbox 274 2097 383 2159; x_wconf 91' lang='grc'><strong>172,12</strong></span> <span class='ocrx_word' id='word_1_191' title='bbox 638 2092 718 2163; x_wconf 91' lang='lat' dir='ltr'>peius</span> <span class='ocrx_word' id='word_1_192' title='bbox 746 2092 892 2147; x_wconf 81' lang='lat' dir='ltr'>Amenios</span> <span class='ocrx_word' id='word_1_193' title='bbox 924 2097 1055 2163; x_wconf 87' lang='lat' dir='ltr'>coegerat</span> <span class='ocrx_word' id='word_1_194' title='bbox 1082 2111 1100 2146; x_wconf 91' lang='lat' dir='ltr'>a</span> 
     </span>
     <span class='ocr_line' id='line_1_28' title="bbox 88 2159 1100 2234; baseline 0.001 -17"><span class='ocrx_word' id='word_1_195' title='bbox 88 2161 256 2217; x_wconf 90' lang='lat' dir='ltr'>Thraciae</span> <span class='ocrx_word' id='word_1_196' title='bbox 275 2161 389 2216; x_wconf 83' lang='lat' dir='ltr'>auxiliis</span> <span class='ocrx_word' id='word_1_197' title='bbox 402 2159 566 2230; x_wconf 86' lang='lat' dir='ltr'>ingentibus</span> <span class='ocrx_word' id='word_1_198' title='bbox 638 2161 773 2217; x_wconf 85' lang='lat' dir='ltr'>Romanis</span> <span class='ocrx_word' id='word_1_199' title='bbox 813 2166 933 2219; x_wconf 88' lang='lat' dir='ltr'>rectores</span> <span class='ocrx_word' id='word_1_200' title='bbox 973 2165 1100 2234; x_wconf 86' lang='lat' dir='ltr'>accipere</span> 
     </span>
     <span class='ocr_line' id='line_1_29' title="bbox 105 2231 749 2302; baseline -0.002 -15"><span class='ocrx_word' id='word_1_201' title='bbox 105 2233 216 2287; x_wconf 83' lang='lat' dir='ltr'>validus</span> <span class='ocrx_word' id='word_1_202' title='bbox 226 2233 380 2286; x_wconf 89' lang='lat' dir='ltr'>Andriscus</span> <span class='ocrx_word' id='word_1_203' title='bbox 391 2238 432 2301; x_wconf 93' lang='grc'><strong>73,</strong></span> <span class='ocrx_word' id='word_1_204' title='bbox 444 2239 467 2287; x_wconf 91' lang='grc'>6.</span> <span class='ocrx_word' id='word_1_205' title='bbox 491 2231 568 2285; x_wconf 89' lang='lat' dir='ltr'>idem</span> <span class='ocrx_word' id='word_1_206' title='bbox 640 2240 699 2302; x_wconf 90' lang='grc'><strong>177,</strong></span> <span class='ocrx_word' id='word_1_207' title='bbox 716 2239 749 2286; x_wconf 95' lang='grc'>10</span> 
     </span>
    </p>

    <p class='ocr_par' dir='ltr' id='par_1_6' title="bbox 106 2301 1102 2730">
     <span class='ocr_line' id='line_1_30' title="bbox 106 2301 1100 2374; baseline 0.001 -16"><span class='ocrx_word' id='word_1_208' title='bbox 106 2305 144 2358; x_wconf 90' lang='lat' dir='ltr'>ad</span> <span class='ocrx_word' id='word_1_209' title='bbox 162 2305 212 2360; x_wconf 79' lang='lat' dir='ltr'>Th,</span> <span class='ocrx_word' id='word_1_210' title='bbox 231 2304 361 2374; x_wconf 89' lang='lat' dir='ltr'>regulum</span> <span class='ocrx_word' id='word_1_211' title='bbox 378 2301 506 2372; x_wconf 88' lang='lat' dir='ltr'>confugit</span> <span class='ocrx_word' id='word_1_212' title='bbox 524 2308 566 2370; x_wconf 91' lang='grc'>73,</span> <span class='ocrx_word' id='word_1_213' title='bbox 621 2304 779 2374; x_wconf 90' lang='lat' dir='ltr'>Tigurini</span> <span class='ocrx_word' id='word_1_214' title='bbox 793 2304 830 2357; x_wconf 92' lang='lat' dir='ltr'>ab</span> <span class='ocrx_word' id='word_1_215' title='bbox 845 2304 976 2358; x_wconf 86' lang='lat' dir='ltr'>extremis</span> <span class='ocrx_word' id='word_1_216' title='bbox 989 2303 1100 2359; x_wconf 83' lang='lat' dir='ltr'>Galliae</span> 
     </span>
     <span class='ocr_line' id='line_1_31' title="bbox 107 2373 1100 2445; baseline -0.003 -15"><span class='ocrx_word' id='word_1_217' title='bbox 107 2381 149 2430; x_wconf 92' lang='lat'>10.</span> <span class='ocrx_word' id='word_1_218' title='bbox 186 2375 287 2429; x_wconf 89' lang='lat' dir='ltr'>Didius</span> <span class='ocrx_word' id='word_1_219' title='bbox 309 2374 469 2430; x_wconf 86' lang='lat' dir='ltr'>Scordiscos</span> <span class='ocrx_word' id='word_1_220' title='bbox 491 2373 567 2427; x_wconf 91' lang='lat' dir='ltr'>intra</span> <span class='ocrx_word' id='word_1_221' title='bbox 658 2376 751 2445; x_wconf 89' lang='lat' dir='ltr'>rofugi</span> <span class='ocrx_word' id='word_1_222' title='bbox 772 2392 860 2429; x_wconf 87' lang='lat' dir='ltr'>novas</span> <span class='ocrx_word' id='word_1_223' title='bbox 884 2375 964 2430; x_wconf 89' lang='lat' dir='ltr'>sedes</span> <span class='ocrx_word' id='word_1_224' title='bbox 985 2391 1100 2442; x_wconf 90' lang='lat' dir='ltr'>quaere-</span> 
     </span>
     <span class='ocr_line' id='line_1_32' title="bbox 107 2396 1100 2516; baseline 0 -16"><span class='ocrx_word' id='word_1_225' title='bbox 107 2464 187 2501; x_wconf 89' lang='lat' dir='ltr'>suam</span> <span class='ocrx_word' id='word_1_226' title='bbox 218 2447 342 2516; x_wconf 91' lang='lat' dir='ltr'>reppulit</span> <span class='ocrx_word' id='word_1_227' title='bbox 373 2446 423 2500; x_wconf 92' lang='lat' dir='ltr'>Th.</span> <span class='ocrx_word' id='word_1_228' title='bbox 452 2450 499 2514; x_wconf 89' lang='grc'><strong>94,</strong></span> <span class='ocrx_word' id='word_1_229' title='bbox 525 2450 566 2499; x_wconf 92' lang='grc'>17.</span> <span class='ocrx_word' id='word_1_230' title='bbox 637 2396 710 2501; x_wconf 74' lang='lat' dir='ltr'>bant</span> <span class='ocrx_word' id='word_1_231' title='bbox 718 2452 791 2516; x_wconf 82' lang='lat'><strong>90,6.</strong></span> <span class='ocrx_word' id='word_1_232' title='bbox 806 2463 902 2501; x_wconf 90' lang='lat' dir='ltr'>eorum</span> <span class='ocrx_word' id='word_1_233' title='bbox 910 2464 1019 2515; x_wconf 87' lang='lat' dir='ltr'>manus,</span> <span class='ocrx_word' id='word_1_234' title='bbox 1028 2463 1100 2514; x_wconf 87' lang='lat' dir='ltr'>quae</span> 
     </span>
     <span class='ocr_line' id='line_1_33' title="bbox 107 2513 1099 2586; baseline -0.001 -15"><span class='ocrx_word' id='word_1_235' title='bbox 107 2535 170 2572; x_wconf 91' lang='lat' dir='ltr'>eam</span> <span class='ocrx_word' id='word_1_236' title='bbox 202 2517 359 2586; x_wconf 89' lang='lat' dir='ltr'>adquisisse</span> <span class='ocrx_word' id='word_1_237' title='bbox 392 2516 429 2570; x_wconf 89' lang='lat' dir='ltr'>ad</span> <span class='ocrx_word' id='word_1_238' title='bbox 456 2513 568 2585; x_wconf 90' lang='lat' dir='ltr'>imperii</span> <span class='ocrx_word' id='word_1_239' title='bbox 638 2517 757 2572; x_wconf 88' lang='lat' dir='ltr'>Noricos</span> <span class='ocrx_word' id='word_1_240' title='bbox 793 2517 937 2572; x_wconf 89' lang='lat' dir='ltr'>insederat</span> <span class='ocrx_word' id='word_1_241' title='bbox 967 2517 1099 2586; x_wconf 85' lang='lat' dir='ltr'>tumulos,</span> 
     </span>
     <span class='ocr_line' id='line_1_34' title="bbox 108 2587 1102 2715; baseline 0 -73"><span class='ocrx_word' id='word_1_242' title='bbox 108 2588 485 2714; x_wconf 38' lang='grc' dir='ltr'><strong>66ὶ66161616166616ᾑ6ιϋ113Ἰ9</strong></span> <span class='ocrx_word' id='word_1_243' title='bbox 508 2587 568 2667; x_wconf 78' lang='lat' dir='ltr'>eius</span> <span class='ocrx_word' id='word_1_244' title='bbox 639 2589 713 2715; x_wconf 38' lang='lat' dir='ltr'>§fpp&#39;ga7</span> <span class='ocrx_word' id='word_1_245' title='bbox 740 2591 769 2643; x_wconf 93' lang='lat' dir='ltr'>et</span> <span class='ocrx_word' id='word_1_246' title='bbox 800 2588 957 2643; x_wconf 81' lang='lat' dir='ltr'>latrociniis</span> <span class='ocrx_word' id='word_1_247' title='bbox 985 2589 1102 2644; x_wconf 88' lang='lat' dir='ltr'>evanuit</span> 
     </span>
     <span class='ocr_line' id='line_1_35' title="bbox 106 2674 682 2730; baseline -0.005 -17"><span class='ocrx_word' id='word_1_248' title='bbox 106 2678 137 2715; x_wconf 87' lang='lat' dir='ltr'>ro</span> <span class='ocrx_word' id='word_1_249' title='bbox 159 2678 192 2712; x_wconf 92' lang='lat' dir='ltr'>ur</span> <span class='ocrx_word' id='word_1_250' title='bbox 227 2678 257 2713; x_wconf 93' lang='lat' dir='ltr'>1n</span> <span class='ocrx_word' id='word_1_251' title='bbox 292 2678 329 2729; x_wconf 94' lang='lat' dir='ltr'>pa</span> <span class='ocrx_word' id='word_1_252' title='bbox 357 2678 420 2712; x_wconf 87' lang='lat' dir='ltr'>1us</span> <span class='ocrx_word' id='word_1_253' title='bbox 476 2674 569 2726; x_wconf 86' lang='lat' dir='ltr'>omper</span> <span class='ocrx_word' id='word_1_254' title='bbox 676 2706 682 2730; x_wconf 81' lang='grc'><strong>,</strong></span> 
     </span>
    </p>

    <p class='ocr_par' dir='ltr' id='par_1_7' title="bbox 88 2729 1103 3511">
     <span class='ocr_line' id='line_1_36' title="bbox 108 2729 1101 2799; baseline 0 -15"><span class='ocrx_word' id='word_1_255' title='bbox 108 2736 218 2799; x_wconf 91' lang='grc'><strong>139,18</strong></span> <span class='ocrx_word' id='word_1_256' title='bbox 622 2733 696 2786; x_wconf 91' lang='lat' dir='ltr'>inter</span> <span class='ocrx_word' id='word_1_257' title='bbox 714 2729 843 2786; x_wconf 85' lang='lat' dir='ltr'>Titium</span> <span class='ocrx_word' id='word_1_258' title='bbox 860 2732 963 2786; x_wconf 89' lang='lat' dir='ltr'>fiumen</span> <span class='ocrx_word' id='word_1_259' title='bbox 977 2731 1101 2785; x_wconf 90' lang='lat' dir='ltr'>Arsiam-</span> 
     </span>
     <span class='ocr_line' id='line_1_37' title="bbox 88 2799 1022 2873; baseline -0.001 -17"><span class='ocrx_word' id='word_1_260' title='bbox 88 2802 119 2856; x_wconf 91' lang='lat' dir='ltr'>in</span> <span class='ocrx_word' id='word_1_261' title='bbox 133 2801 279 2856; x_wconf 86' lang='lat' dir='ltr'>Thracio</span> <span class='ocrx_word' id='word_1_262' title='bbox 293 2802 376 2856; x_wconf 91' lang='lat' dir='ltr'>litore</span> <span class='ocrx_word' id='word_1_263' title='bbox 389 2799 570 2870; x_wconf 80' lang='lat' dir='ltr'>Lysimachia</span> <span class='ocrx_word' id='word_1_264' title='bbox 641 2821 695 2871; x_wconf 87' lang='lat' dir='ltr'>que</span> <span class='ocrx_word' id='word_1_265' title='bbox 714 2802 805 2872; x_wconf 82' lang='lat' dir='ltr'>Illyrii</span> <span class='ocrx_word' id='word_1_266' title='bbox 824 2805 913 2873; x_wconf 88' lang='lat' dir='ltr'>agunt</span> <span class='ocrx_word' id='word_1_267' title='bbox 931 2808 974 2871; x_wconf 86' lang='grc'>60,</span> <span class='ocrx_word' id='word_1_268' title='bbox 990 2808 1022 2856; x_wconf 95' lang='grc'>17</span> 
     </span>
     <span class='ocr_line' id='line_1_38' title="bbox 106 2869 1103 2942; baseline -0.002 -16"><span class='ocrx_word' id='word_1_269' title='bbox 106 2873 202 2942; x_wconf 89' lang='lat' dir='ltr'>posita</span> <span class='ocrx_word' id='word_1_270' title='bbox 225 2889 242 2926; x_wconf 96' lang='lat' dir='ltr'>a</span> <span class='ocrx_word' id='word_1_271' title='bbox 262 2874 416 2927; x_wconf 88' lang='lat' dir='ltr'>maioribus</span> <span class='ocrx_word' id='word_1_272' title='bbox 438 2869 570 2926; x_wconf 79' lang='lat' dir='ltr'>Antiochi</span> <span class='ocrx_word' id='word_1_273' title='bbox 622 2874 741 2929; x_wconf 88' lang='lat' dir='ltr'>titulo</span> <span class='ocrx_word' id='word_1_274' title='bbox 778 2875 885 2928; x_wconf 90' lang='lat' dir='ltr'>bellum</span> <span class='ocrx_word' id='word_1_275' title='bbox 918 2873 1103 2926; x_wconf 88' lang='lat' dir='ltr'>Tarentinum</span> 
     </span>
     <span class='ocr_line' id='line_1_39' title="bbox 110 2943 1102 3014; baseline -0.001 -17"><span class='ocrx_word' id='word_1_276' title='bbox 110 2950 201 3012; x_wconf 89' lang='grc'><strong>66,14</strong></span> <span class='ocrx_word' id='word_1_277' title='bbox 640 2963 734 3014; x_wconf 81' lang='lat' dir='ltr'>unum,</span> <span class='ocrx_word' id='word_1_278' title='bbox 755 2945 873 3000; x_wconf 84' lang='lat' dir='ltr'>victoria</span> <span class='ocrx_word' id='word_1_279' title='bbox 891 2943 1040 3014; x_wconf 87' lang='lat' dir='ltr'>multiplex</span> <span class='ocrx_word' id='word_1_280' title='bbox 1058 2949 1102 3011; x_wconf 92' lang='grc'><strong>31,</strong></span> 
     </span>
     <span class='ocr_line' id='line_1_40' title="bbox 90 3013 1102 3083; baseline -0.002 -15"><span class='ocrx_word' id='word_1_281' title='bbox 90 3016 367 3083; x_wconf 89' lang='lat' dir='ltr'>Thrasymennus</span> <span class='ocrx_word' id='word_1_282' title='bbox 395 3015 490 3068; x_wconf 90' lang='lat' dir='ltr'>lacus</span> <span class='ocrx_word' id='word_1_283' title='bbox 513 3015 569 3066; x_wconf 90' lang='lat' dir='ltr'>ter·</span> <span class='ocrx_word' id='word_1_284' title='bbox 642 3023 683 3071; x_wconf 86' lang='lat'>13.</span> <span class='ocrx_word' id='word_1_285' title='bbox 709 3016 808 3071; x_wconf 90' lang='lat' dir='ltr'>titulos</span> <span class='ocrx_word' id='word_1_286' title='bbox 823 3013 956 3083; x_wconf 90' lang='lat' dir='ltr'>Pompeio</span> <span class='ocrx_word' id='word_1_287' title='bbox 972 3031 1021 3068; x_wconf 91' lang='lat' dir='ltr'>suo</span> <span class='ocrx_word' id='word_1_288' title='bbox 1036 3014 1102 3068; x_wconf 84' lang='lat' dir='ltr'>For-</span> 
     </span>
     <span class='ocr_line' id='line_1_41' title="bbox 107 3084 1102 3156; baseline -0.003 -16"><span class='ocrx_word' id='word_1_289' title='bbox 107 3086 179 3140; x_wconf 89' lang='lat' dir='ltr'>tium</span> <span class='ocrx_word' id='word_1_290' title='bbox 188 3086 295 3140; x_wconf 90' lang='lat' dir='ltr'>fulmen</span> <span class='ocrx_word' id='word_1_291' title='bbox 304 3084 473 3139; x_wconf 90' lang='lat' dir='ltr'>Hannibalis</span> <span class='ocrx_word' id='word_1_292' title='bbox 484 3089 526 3152; x_wconf 82' lang='lat'>53,</span> <span class='ocrx_word' id='word_1_293' title='bbox 535 3090 569 3138; x_wconf 92' lang='grc'>17</span> <span class='ocrx_word' id='word_1_294' title='bbox 641 3091 711 3142; x_wconf 90' lang='lat' dir='ltr'>tuna</span> <span class='ocrx_word' id='word_1_295' title='bbox 729 3086 885 3156; x_wconf 85' lang='lat' dir='ltr'>quaerebat</span> <span class='ocrx_word' id='word_1_296' title='bbox 899 3090 941 3153; x_wconf 83' lang='lat'>99,</span> <span class='ocrx_word' id='word_1_297' title='bbox 952 3091 976 3140; x_wconf 88' lang='grc'><strong>2,</strong></span> <span class='ocrx_word' id='word_1_298' title='bbox 1004 3084 1102 3138; x_wconf 89' lang='lat' dir='ltr'>titulo-</span> 
     </span>
     <span class='ocr_line' id='line_1_42' title="bbox 89 3155 1103 3228; baseline -0.001 -17"><span class='ocrx_word' id='word_1_299' title='bbox 89 3156 249 3227; x_wconf 86' lang='lat' dir='ltr'>Thurios,</span> <span class='ocrx_word' id='word_1_300' title='bbox 259 3156 360 3211; x_wconf 82' lang='grc'><strong>1161166</strong></span> <span class='ocrx_word' id='word_1_301' title='bbox 370 3158 475 3226; x_wconf 87' lang='lat' dir='ltr'>urbem,</span> <span class='ocrx_word' id='word_1_302' title='bbox 486 3156 569 3225; x_wconf 90' lang='lat' dir='ltr'>Spar·</span> <span class='ocrx_word' id='word_1_303' title='bbox 641 3177 702 3213; x_wconf 90' lang='lat' dir='ltr'>rum</span> <span class='ocrx_word' id='word_1_304' title='bbox 710 3155 1103 3228; x_wconf 88' lang='lat' dir='ltr'>cupidineAntoniusAraxen</span> 
     </span>
     <span class='ocr_line' id='line_1_43' title="bbox 107 3227 1102 3299; baseline -0.002 -17"><span class='ocrx_word' id='word_1_305' title='bbox 107 3231 187 3282; x_wconf 88' lang='lat' dir='ltr'>tacus</span> <span class='ocrx_word' id='word_1_306' title='bbox 206 3229 359 3298; x_wconf 87' lang='lat' dir='ltr'>populatur</span> <span class='ocrx_word' id='word_1_307' title='bbox 378 3234 436 3295; x_wconf 91' lang='grc'><strong>128,</strong></span> <span class='ocrx_word' id='word_1_308' title='bbox 453 3235 468 3281; x_wconf 91' lang='grc'><strong>6</strong></span> <span class='ocrx_word' id='word_1_309' title='bbox 641 3232 670 3285; x_wconf 90' lang='grc'>61</span> <span class='ocrx_word' id='word_1_310' title='bbox 684 3230 847 3299; x_wconf 85' lang='lat' dir='ltr'>Euphraten</span> <span class='ocrx_word' id='word_1_311' title='bbox 864 3227 915 3280; x_wconf 89' lang='lat' dir='ltr'>sub</span> <span class='ocrx_word' id='word_1_312' title='bbox 930 3227 1102 3298; x_wconf 89' lang='lat' dir='ltr'>imaginibus</span> 
     </span>
     <span class='ocr_line' id='line_1_44' title="bbox 89 3297 1101 3369; baseline 0.001 -16"><span class='ocrx_word' id='word_1_313' title='bbox 89 3299 241 3353; x_wconf 89' lang='lat' dir='ltr'>Tiberim</span> <span class='ocrx_word' id='word_1_314' title='bbox 254 3301 340 3369; x_wconf 90' lang='lat' dir='ltr'>ponte</span> <span class='ocrx_word' id='word_1_315' title='bbox 349 3298 467 3353; x_wconf 88' lang='lat' dir='ltr'>rescisso</span> <span class='ocrx_word' id='word_1_316' title='bbox 477 3301 569 3352; x_wconf 88' lang='lat' dir='ltr'>trans·</span> <span class='ocrx_word' id='word_1_317' title='bbox 642 3301 699 3354; x_wconf 91' lang='lat' dir='ltr'>suis</span> <span class='ocrx_word' id='word_1_318' title='bbox 718 3300 776 3368; x_wconf 87' lang='lat' dir='ltr'>legi</span> <span class='ocrx_word' id='word_1_319' title='bbox 795 3297 968 3368; x_wconf 90' lang='lat' dir='ltr'>concupiscit</span> <span class='ocrx_word' id='word_1_320' title='bbox 985 3305 1043 3368; x_wconf 89' lang='grc'><strong>164,</strong></span> <span class='ocrx_word' id='word_1_321' title='bbox 1060 3305 1101 3354; x_wconf 92' lang='grc'>19.</span> 
     </span>
     <span class='ocr_line' id='line_1_45' title="bbox 107 3369 1103 3440; baseline -0.001 -16"><span class='ocrx_word' id='word_1_322' title='bbox 107 3373 190 3424; x_wconf 83' lang='grc'><strong>66161</strong></span> <span class='ocrx_word' id='word_1_323' title='bbox 208 3370 342 3425; x_wconf 90' lang='lat' dir='ltr'>Horatius</span> <span class='ocrx_word' id='word_1_324' title='bbox 362 3369 568 3439; x_wconf 63' lang='grc'><strong>0661661718.</strong></span> <span class='ocrx_word' id='word_1_325' title='bbox 640 3373 784 3440; x_wconf 89' lang='lat' dir='ltr'>Augustus</span> <span class='ocrx_word' id='word_1_326' title='bbox 807 3369 919 3425; x_wconf 88' lang='lat' dir='ltr'>nomine</span> <span class='ocrx_word' id='word_1_327' title='bbox 943 3371 972 3424; x_wconf 87' lang='lat' dir='ltr'>et</span> <span class='ocrx_word' id='word_1_328' title='bbox 994 3373 1014 3425; x_wconf 91' lang='lat' dir='ltr'>t.</span> <span class='ocrx_word' id='word_1_329' title='bbox 1038 3387 1103 3424; x_wconf 94' lang='lat' dir='ltr'>con-</span> 
     </span>
     <span class='ocr_line' id='line_1_46' title="bbox 107 3441 895 3511; baseline -0.003 -16"><span class='ocrx_word' id='word_1_330' title='bbox 107 3443 138 3496; x_wconf 92' lang='lat' dir='ltr'>T.</span> <span class='ocrx_word' id='word_1_331' title='bbox 158 3443 233 3496; x_wconf 91' lang='lat' dir='ltr'>idem</span> <span class='ocrx_word' id='word_1_332' title='bbox 257 3442 326 3497; x_wconf 92' lang='lat' dir='ltr'>olim</span> <span class='ocrx_word' id='word_1_333' title='bbox 349 3442 424 3509; x_wconf 88' lang='lat' dir='ltr'>quod</span> <span class='ocrx_word' id='word_1_334' title='bbox 442 3441 568 3511; x_wconf 83' lang='lat' dir='ltr'>Euphra·</span> <span class='ocrx_word' id='word_1_335' title='bbox 642 3445 766 3497; x_wconf 83' lang='lat' dir='ltr'>sacratus</span> <span class='ocrx_word' id='word_1_336' title='bbox 786 3448 845 3511; x_wconf 93' lang='grc'><strong>182,</strong></span> <span class='ocrx_word' id='word_1_337' title='bbox 862 3447 895 3495; x_wconf 91' lang='grc'>13</span> 
     </span>
    </p>

    <p class='ocr_par' dir='ltr' id='par_1_8' title="bbox 106 3512 1103 3583">
     <span class='ocr_line' id='line_1_47' title="bbox 106 3512 1103 3583; baseline -0.001 -17"><span class='ocrx_word' id='word_1_338' title='bbox 106 3516 150 3566; x_wconf 86' lang='grc'>166</span> <span class='ocrx_word' id='word_1_339' title='bbox 171 3519 262 3583; x_wconf 92' lang='grc'><strong>19,19</strong></span> <span class='ocrx_word' id='word_1_340' title='bbox 624 3513 655 3579; x_wconf 80' lang='lat' dir='ltr'>Q.</span> <span class='ocrx_word' id='word_1_341' title='bbox 675 3513 831 3567; x_wconf 91' lang='lat' dir='ltr'>Titurius</span> <span class='ocrx_word' id='word_1_342' title='bbox 850 3513 1012 3581; x_wconf 59' lang='lat' dir='ltr'>Sabinus,</span> <span class='ocrx_word' id='word_1_343' title='bbox 1035 3512 1103 3567; x_wconf 87' lang='lat' dir='ltr'>Cae-</span> 
     </span>
    </p>
   </div>
   <div class='ocr_carea' id='block_1_3' title="bbox 0 0 1210 3922">
    <p class='ocr_par' dir='ltr' id='par_1_9' title="bbox 0 0 1210 3922">
     <span class='ocr_line' id='line_1_48' title="bbox 0 0 1210 3922; baseline 0 0"><span class='ocrx_word' id='word_1_344' title='bbox 0 0 1210 3922; x_wconf 95' lang='lat' dir='ltr'> </span> 
     </span>
    </p>
   </div>
  </div>
 </body>
</html>
