<?xml version="1.0" encoding="UTF-8"?>
<!DOCTYPE html PUBLIC "-//W3C//DTD XHTML 1.0 Transitional//EN"
    "http://www.w3.org/TR/xhtml1/DTD/xhtml1-transitional.dtd">
<html xmlns="http://www.w3.org/1999/xhtml" xml:lang="en" lang="en">
 <head>
  <title>
</title>
<meta http-equiv="Content-Type" content="text/html;charset=utf-8" />
  <meta name='ocr-system' content='tesseract 3.04.00' />
  <meta name='ocr-capabilities' content='ocr_page ocr_carea ocr_par ocr_line ocrx_word'/>
</head>
<body>
  <div class='ocr_page' id='page_1' title='image "./lannaeifloriepi01florgoog_0245.png"; bbox 0 0 2386 3922; ppageno 0'>
   <div class='ocr_carea' id='block_1_1' title="bbox 121 155 770 220">
    <p class='ocr_par' dir='ltr' id='par_1_1' title="bbox 121 155 770 220">
     <span class='ocr_line' id='line_1_1' title="bbox 121 155 770 220; baseline -0.003 -13"><span class='ocrx_word' id='word_1_1' title='bbox 121 155 184 220; x_wconf 75' lang='lat'><strong>162</strong></span> <span class='ocrx_word' id='word_1_2' title='bbox 482 155 593 207; x_wconf 83' lang='lat' dir='ltr'><strong>rnoiu</strong></span> <span class='ocrx_word' id='word_1_3' title='bbox 610 155 770 206; x_wconf 70' lang='lat' dir='ltr'><strong>nemone</strong></span> 
     </span>
    </p>
   </div>
   <div class='ocr_carea' id='block_1_2' title="bbox 81 318 1146 2539">
    <p class='ocr_par' dir='ltr' id='par_1_2' title="bbox 81 318 1146 2539">
     <span class='ocr_line' id='line_1_2' title="bbox 119 318 1114 403; baseline -0.005 -21"><span class='ocrx_word' id='word_1_4' title='bbox 119 323 253 403; x_wconf 78' lang='lat' dir='ltr'><strong>servitia,</strong></span> <span class='ocrx_word' id='word_1_5' title='bbox 287 340 361 399; x_wconf 92' lang='lat' dir='ltr'><strong>quos</strong></span> <span class='ocrx_word' id='word_1_6' title='bbox 390 320 477 381; x_wconf 84' lang='lat' dir='ltr'>classi</span> <span class='ocrx_word' id='word_1_7' title='bbox 504 320 700 401; x_wconf 79' lang='lat' dir='ltr'><strong>praefecerat,</strong></span> <span class='ocrx_word' id='word_1_8' title='bbox 731 318 936 399; x_wconf 85' lang='lat' dir='ltr'>praedabundi</span> <span class='ocrx_word' id='word_1_9' title='bbox 961 337 1017 399; x_wconf 90' lang='lat' dir='ltr'><strong>per</strong></span> <span class='ocrx_word' id='word_1_10' title='bbox 1040 319 1114 379; x_wconf 88' lang='lat' dir='ltr'><strong>litora</strong></span> 
     </span>
     <span class='ocr_line' id='line_1_3' title="bbox 83 405 1113 488; baseline -0.005 -17"><span class='ocrx_word' id='word_1_11' title='bbox 83 418 226 472; x_wconf 80' lang='lat' dir='ltr'><strong>scuncta</strong></span> <span class='ocrx_word' id='word_1_12' title='bbox 254 409 422 470; x_wconf 84' lang='lat' dir='ltr'><strong>volitabant.</strong></span> <span class='ocrx_word' id='word_1_13' title='bbox 473 409 510 469; x_wconf 96' lang='lat' dir='ltr'><strong>ob</strong></span> <span class='ocrx_word' id='word_1_14' title='bbox 542 409 614 470; x_wconf 90' lang='lat' dir='ltr'><strong>baec</strong></span> <span class='ocrx_word' id='word_1_15' title='bbox 644 415 688 469; x_wconf 89' lang='lat' dir='ltr'><strong>tot</strong></span> <span class='ocrx_word' id='word_1_16' title='bbox 714 427 857 488; x_wconf 88' lang='lat' dir='ltr'><strong>prospera</strong></span> <span class='ocrx_word' id='word_1_17' title='bbox 885 415 1005 470; x_wconf 89' lang='lat' dir='ltr'><strong>centum</strong></span> <span class='ocrx_word' id='word_1_18' title='bbox 1031 405 1113 468; x_wconf 80' lang='lat' dir='ltr'>bubus</span> 
     </span>
     <span class='ocr_line' id='line_1_4' title="bbox 119 498 1112 577; baseline -0.004 -18"><span class='ocrx_word' id='word_1_19' title='bbox 119 502 230 559; x_wconf 91' lang='lat' dir='ltr'><strong>auratis</strong></span> <span class='ocrx_word' id='word_1_20' title='bbox 259 498 362 558; x_wconf 85' lang='lat' dir='ltr'><strong>Peloro</strong></span> <span class='ocrx_word' id='word_1_21' title='bbox 392 498 487 559; x_wconf 90' lang='lat' dir='ltr'><strong>litavit</strong></span> <span class='ocrx_word' id='word_1_22' title='bbox 514 500 736 577; x_wconf 79' lang='lat' dir='ltr'><strong>spirantemque</strong></span> <span class='ocrx_word' id='word_1_23' title='bbox 764 516 874 576; x_wconf 93' lang='lat' dir='ltr'><strong>equum</strong></span> <span class='ocrx_word' id='word_1_24' title='bbox 902 516 970 559; x_wconf 93' lang='lat' dir='ltr'><strong>cum</strong></span> <span class='ocrx_word' id='word_1_25' title='bbox 998 498 1112 558; x_wconf 90' lang='lat' dir='ltr'><strong>anroin</strong></span> 
     </span>
     <span class='ocr_line' id='line_1_5' title="bbox 119 586 1112 668; baseline -0.003 -21"><span class='ocrx_word' id='word_1_26' title='bbox 119 588 229 648; x_wconf 82' lang='lat' dir='ltr'><strong>fretum</strong></span> <span class='ocrx_word' id='word_1_27' title='bbox 256 590 351 668; x_wconf 81' lang='lat' dir='ltr'><strong>misit,</strong></span> <span class='ocrx_word' id='word_1_28' title='bbox 380 587 456 647; x_wconf 93' lang='lat' dir='ltr'><strong>dona</strong></span> <span class='ocrx_word' id='word_1_29' title='bbox 478 586 630 668; x_wconf 79' lang='lat' dir='ltr'><strong>Neptuno,</strong></span> <span class='ocrx_word' id='word_1_30' title='bbox 656 593 690 647; x_wconf 91' lang='lat' dir='ltr'><strong>ut</strong></span> <span class='ocrx_word' id='word_1_31' title='bbox 717 605 749 647; x_wconf 92' lang='lat' dir='ltr'><strong>se</strong></span> <span class='ocrx_word' id='word_1_32' title='bbox 777 589 869 647; x_wconf 90' lang='lat' dir='ltr'><strong>maris</strong></span> <span class='ocrx_word' id='word_1_33' title='bbox 897 593 997 647; x_wconf 84' lang='lat' dir='ltr'><strong>rector</strong></span> <span class='ocrx_word' id='word_1_34' title='bbox 1019 588 1049 646; x_wconf 92' lang='lat' dir='ltr'><strong>in</strong></span> <span class='ocrx_word' id='word_1_35' title='bbox 1068 602 1112 645; x_wconf 92' lang='lat' dir='ltr'><strong>suo</strong></span> 
     </span>
     <span class='ocr_line' id='line_1_6' title="bbox 118 675 1135 756; baseline -0.002 -20"><span class='ocrx_word' id='word_1_36' title='bbox 118 678 194 736; x_wconf 94' lang='lat' dir='ltr'><strong>mari</strong></span> <span class='ocrx_word' id='word_1_37' title='bbox 218 694 341 754; x_wconf 84' lang='lat' dir='ltr'><strong>regnare</strong></span> <span class='ocrx_word' id='word_1_38' title='bbox 365 682 525 756; x_wconf 90' lang='lat' dir='ltr'><strong>pateretur.</strong></span> <span class='ocrx_word' id='word_1_39' title='bbox 565 694 600 735; x_wconf 92' lang='lat' dir='ltr'><strong>eo</strong></span> <span class='ocrx_word' id='word_1_40' title='bbox 625 675 753 754; x_wconf 89' lang='lat' dir='ltr'><strong>denique</strong></span> <span class='ocrx_word' id='word_1_41' title='bbox 777 676 985 736; x_wconf 79' lang='lat' dir='ltr'><strong>discriminum</strong></span> <span class='ocrx_word' id='word_1_42' title='bbox 1007 678 1135 735; x_wconf 68' lang='lat' dir='ltr'><strong>venunt</strong></span> 
     </span>
     <span class='ocr_line' id='line_1_7' title="bbox 120 763 1110 844; baseline -0.001 -19"><span class='ocrx_word' id='word_1_43' title='bbox 120 773 166 825; x_wconf 91' lang='grc' dir='ltr'><strong>θεῖ</strong></span> <span class='ocrx_word' id='word_1_44' title='bbox 188 774 222 826; x_wconf 93' lang='lat' dir='ltr'><strong>ut</strong></span> <span class='ocrx_word' id='word_1_45' title='bbox 245 765 348 825; x_wconf 87' lang='lat' dir='ltr'><strong>foedus</strong></span> <span class='ocrx_word' id='word_1_46' title='bbox 368 772 398 825; x_wconf 93' lang='lat' dir='ltr'><strong>et</strong></span> <span class='ocrx_word' id='word_1_47' title='bbox 415 784 471 844; x_wconf 83' lang='lat' dir='ltr'><strong>pax</strong></span> <span class='ocrx_word' id='word_1_48' title='bbox 491 783 559 824; x_wconf 93' lang='lat' dir='ltr'><strong>cum</strong></span> <span class='ocrx_word' id='word_1_49' title='bbox 576 765 661 825; x_wconf 92' lang='lat' dir='ltr'><strong>hoste</strong></span> <span class='ocrx_word' id='word_1_50' title='bbox 681 799 723 806; x_wconf 94' lang='lat'><em>-</em></span> <span class='ocrx_word' id='word_1_51' title='bbox 743 766 769 824; x_wconf 92' lang='lat' dir='ltr'><strong>si</strong></span> <span class='ocrx_word' id='word_1_52' title='bbox 787 764 875 824; x_wconf 95' lang='lat' dir='ltr'><strong>modo</strong></span> <span class='ocrx_word' id='word_1_53' title='bbox 894 764 989 825; x_wconf 90' lang='lat' dir='ltr'><strong>hostis</strong></span> <span class='ocrx_word' id='word_1_54' title='bbox 1007 763 1110 842; x_wconf 82' lang='lat' dir='ltr'><strong>Pompei</strong></span> 
     </span>
     <span class='ocr_line' id='line_1_8' title="bbox 82 853 1108 934; baseline -0.004 -18"><span class='ocrx_word' id='word_1_55' title='bbox 82 867 100 916; x_wconf 82' lang='grc'><strong>4</strong></span> <span class='ocrx_word' id='word_1_56' title='bbox 118 854 197 914; x_wconf 84' lang='lat' dir='ltr'><strong>iilius</strong></span> <span class='ocrx_word' id='word_1_57' title='bbox 217 887 259 896; x_wconf 81' lang='lat'><em>—</em></span> <span class='ocrx_word' id='word_1_58' title='bbox 279 860 378 914; x_wconf 91' lang='lat' dir='ltr'><strong>tamen</strong></span> <span class='ocrx_word' id='word_1_59' title='bbox 398 854 546 914; x_wconf 88' lang='lat' dir='ltr'><strong>feriretur.</strong></span> <span class='ocrx_word' id='word_1_60' title='bbox 585 860 727 932; x_wconf 91' lang='lat' dir='ltr'><strong>quantum</strong></span> <span class='ocrx_word' id='word_1_61' title='bbox 745 853 785 934; x_wconf 86' lang='lat' dir='ltr'><strong>id,</strong></span> <span class='ocrx_word' id='word_1_62' title='bbox 809 854 861 914; x_wconf 90' lang='lat' dir='ltr'><strong>sed</strong></span> <span class='ocrx_word' id='word_1_63' title='bbox 880 853 970 914; x_wconf 86' lang='lat' dir='ltr'><strong>breve</strong></span> <span class='ocrx_word' id='word_1_64' title='bbox 988 853 1108 933; x_wconf 83' lang='lat' dir='ltr'><strong>gaudium</strong></span> 
     </span>
     <span class='ocr_line' id='line_1_9' title="bbox 118 942 1106 1024; baseline -0.002 -21"><span class='ocrx_word' id='word_1_65' title='bbox 118 944 182 1024; x_wconf 80' lang='lat' dir='ltr'><strong>fuit,</strong></span> <span class='ocrx_word' id='word_1_66' title='bbox 206 961 273 1003; x_wconf 93' lang='lat' dir='ltr'><strong>cum</strong></span> <span class='ocrx_word' id='word_1_67' title='bbox 292 944 324 1002; x_wconf 92' lang='lat' dir='ltr'><strong>in</strong></span> <span class='ocrx_word' id='word_1_68' title='bbox 343 942 445 1003; x_wconf 91' lang='lat' dir='ltr'><strong>Baiani</strong></span> <span class='ocrx_word' id='word_1_69' title='bbox 463 942 560 1002; x_wconf 91' lang='lat' dir='ltr'><strong>litoris</strong></span> <span class='ocrx_word' id='word_1_70' title='bbox 579 942 656 1003; x_wconf 92' lang='lat' dir='ltr'><strong>mole</strong></span> <span class='ocrx_word' id='word_1_71' title='bbox 676 942 712 1003; x_wconf 95' lang='lat' dir='ltr'><strong>de</strong></span> <span class='ocrx_word' id='word_1_72' title='bbox 731 942 829 1003; x_wconf 90' lang='lat' dir='ltr'><strong>reditu</strong></span> <span class='ocrx_word' id='word_1_73' title='bbox 849 944 914 1003; x_wconf 92' lang='lat' dir='ltr'><strong>eius</strong></span> <span class='ocrx_word' id='word_1_74' title='bbox 934 949 964 1004; x_wconf 91' lang='lat' dir='ltr'><strong>et</strong></span> <span class='ocrx_word' id='word_1_75' title='bbox 982 942 1106 1002; x_wconf 88' lang='lat' dir='ltr'><strong>bonorum</strong></span> 
     </span>
     <span class='ocr_line' id='line_1_10' title="bbox 118 1033 1106 1111; baseline -0.004 -20"><span class='ocrx_word' id='word_1_76' title='bbox 118 1033 306 1091; x_wconf 80' lang='lat' dir='ltr'><strong>restitutione</strong></span> <span class='ocrx_word' id='word_1_77' title='bbox 340 1034 490 1111; x_wconf 82' lang='lat' dir='ltr'><strong>convenit,</strong></span> <span class='ocrx_word' id='word_1_78' title='bbox 527 1049 653 1110; x_wconf 91' lang='lat' dir='ltr'><strong>cumque</strong></span> <span class='ocrx_word' id='word_1_79' title='bbox 686 1033 828 1091; x_wconf 86' lang='lat' dir='ltr'><strong>invitante</strong></span> <span class='ocrx_word' id='word_1_80' title='bbox 861 1033 927 1111; x_wconf 90' lang='lat' dir='ltr'><strong>ipso</strong></span> <span class='ocrx_word' id='word_1_81' title='bbox 959 1033 991 1092; x_wconf 92' lang='lat' dir='ltr'><strong>in</strong></span> <span class='ocrx_word' id='word_1_82' title='bbox 1023 1045 1106 1091; x_wconf 86' lang='lat' dir='ltr'><strong>narem</strong></span> 
     </span>
     <span class='ocr_line' id='line_1_11' title="bbox 117 1109 1129 1201; baseline -0.004 -21"><span class='ocrx_word' id='word_1_83' title='bbox 117 1119 299 1180; x_wconf 85' lang='lat' dir='ltr'><strong>discubitum</strong></span> <span class='ocrx_word' id='word_1_84' title='bbox 322 1127 376 1201; x_wconf 81' lang='grc' dir='ltr'>θεῖ,</span> <span class='ocrx_word' id='word_1_85' title='bbox 400 1126 430 1180; x_wconf 84' lang='grc' dir='ltr'><strong>θῖ</strong></span> <span class='ocrx_word' id='word_1_86' title='bbox 452 1120 501 1181; x_wconf 92' lang='lat' dir='ltr'><strong>ille</strong></span> <span class='ocrx_word' id='word_1_87' title='bbox 525 1127 637 1180; x_wconf 87' lang='lat' dir='ltr'><strong>sortem</strong></span> <span class='ocrx_word' id='word_1_88' title='bbox 656 1138 737 1180; x_wconf 91' lang='lat' dir='ltr'><strong>suam</strong></span> <span class='ocrx_word' id='word_1_89' title='bbox 758 1122 940 1199; x_wconf 84' lang='lat' dir='ltr'><strong>increpitans</strong></span> <span class='ocrx_word' id='word_1_90' title='bbox 960 1115 1025 1180; x_wconf 75' lang='lat' dir='ltr'><strong>‘hae</strong></span> <span class='ocrx_word' id='word_1_91' title='bbox 1044 1109 1129 1179; x_wconf 70' lang='lat' dir='ltr'><strong>sunt’t</strong></span> 
     </span>
     <span class='ocr_line' id='line_1_12' title="bbox 116 1203 1128 1290; baseline -0.004 -22"><span class='ocrx_word' id='word_1_92' title='bbox 116 1211 215 1287; x_wconf 90' lang='lat' dir='ltr'><strong>inquit</strong></span> <span class='ocrx_word' id='word_1_93' title='bbox 247 1205 382 1269; x_wconf 77' lang='lat' dir='ltr'><strong>‘Carinae</strong></span> <span class='ocrx_word' id='word_1_94' title='bbox 415 1203 517 1269; x_wconf 86' lang='lat' dir='ltr'><strong>meae&#39;.</strong></span> <span class='ocrx_word' id='word_1_95' title='bbox 576 1208 648 1269; x_wconf 91' lang='lat' dir='ltr'><strong>haut</strong></span> <span class='ocrx_word' id='word_1_96' title='bbox 679 1211 850 1290; x_wconf 77' lang='lat' dir='ltr'><strong>incomiter‚</strong></span> <span class='ocrx_word' id='word_1_97' title='bbox 883 1209 962 1288; x_wconf 93' lang='lat' dir='ltr'><strong>quod</strong></span> <span class='ocrx_word' id='word_1_98' title='bbox 995 1227 1058 1270; x_wconf 91' lang='lat' dir='ltr'><strong>cum</strong></span> <span class='ocrx_word' id='word_1_99' title='bbox 1082 1207 1128 1264; x_wconf 84' lang='lat' dir='ltr'><strong>in&#39;</strong></span> 
     </span>
     <span class='ocr_line' id='line_1_13' title="bbox 118 1296 1104 1379; baseline -0.004 -22"><span class='ocrx_word' id='word_1_100' title='bbox 118 1297 311 1358; x_wconf 91' lang='lat' dir='ltr'><strong>celeberrima</strong></span> <span class='ocrx_word' id='word_1_101' title='bbox 335 1304 417 1376; x_wconf 87' lang='lat' dir='ltr'><strong>parte</strong></span> <span class='ocrx_word' id='word_1_102' title='bbox 437 1297 530 1379; x_wconf 79' lang='lat' dir='ltr'><strong>urbis,</strong></span> <span class='ocrx_word' id='word_1_103' title='bbox 554 1297 679 1377; x_wconf 80' lang='lat' dir='ltr'><strong>Carinis,</strong></span> <span class='ocrx_word' id='word_1_104' title='bbox 701 1305 786 1376; x_wconf 92' lang='lat' dir='ltr'><strong>pater</strong></span> <span class='ocrx_word' id='word_1_105' title='bbox 805 1299 870 1357; x_wconf 91' lang='lat' dir='ltr'><strong>eius</strong></span> <span class='ocrx_word' id='word_1_106' title='bbox 889 1296 1055 1378; x_wconf 68' lang='lat' dir='ltr'><strong>habitasset</strong></span> <span class='ocrx_word' id='word_1_107' title='bbox 1073 1297 1104 1372; x_wconf 93' lang='lat' dir='ltr'><strong>ip·</strong></span> 
     </span>
     <span class='ocr_line' id='line_1_14' title="bbox 83 1383 1104 1466; baseline -0.006 -20"><span class='ocrx_word' id='word_1_108' title='bbox 83 1397 99 1446; x_wconf 83' lang='lat'>5</span> <span class='ocrx_word' id='word_1_109' title='bbox 119 1389 181 1446; x_wconf 90' lang='lat' dir='ltr'><strong>sins</strong></span> <span class='ocrx_word' id='word_1_110' title='bbox 206 1386 311 1447; x_wconf 90' lang='lat' dir='ltr'><strong>domus</strong></span> <span class='ocrx_word' id='word_1_111' title='bbox 335 1394 365 1446; x_wconf 90' lang='lat' dir='ltr'><strong>et</strong></span> <span class='ocrx_word' id='word_1_112' title='bbox 388 1394 510 1465; x_wconf 90' lang='lat' dir='ltr'><strong>penates</strong></span> <span class='ocrx_word' id='word_1_113' title='bbox 533 1389 565 1447; x_wconf 92' lang='lat' dir='ltr'><strong>in</strong></span> <span class='ocrx_word' id='word_1_114' title='bbox 588 1389 656 1447; x_wconf 86' lang='lat' dir='ltr'><strong>navi</strong></span> <span class='ocrx_word' id='word_1_115' title='bbox 678 1385 851 1466; x_wconf 88' lang='lat' dir='ltr'><strong>penderent.</strong></span> <span class='ocrx_word' id='word_1_116' title='bbox 894 1387 946 1447; x_wconf 94' lang='lat' dir='ltr'><strong>sed</strong></span> <span class='ocrx_word' id='word_1_117' title='bbox 965 1383 988 1465; x_wconf 95' lang='lat'><em>†</em></span> <span class='ocrx_word' id='word_1_118' title='bbox 1006 1388 1104 1464; x_wconf 89' lang='lat' dir='ltr'><strong>inportu</strong></span> 
     </span>
     <span class='ocr_line' id='line_1_15' title="bbox 118 1474 1104 1556; baseline -0.004 -22"><span class='ocrx_word' id='word_1_119' title='bbox 118 1494 219 1536; x_wconf 86' lang='lat' dir='ltr'><strong>manes</strong></span> <span class='ocrx_word' id='word_1_120' title='bbox 239 1476 359 1535; x_wconf 80' lang='lat' dir='ltr'><strong>Antonii</strong></span> <span class='ocrx_word' id='word_1_121' title='bbox 382 1482 411 1535; x_wconf 90' lang='lat' dir='ltr'><strong>et</strong></span> <span class='ocrx_word' id='word_1_122' title='bbox 430 1474 675 1554; x_wconf 89' lang='lat' dir='ltr'><strong>Pompeianorum</strong></span> <span class='ocrx_word' id='word_1_123' title='bbox 699 1475 855 1556; x_wconf 86' lang='lat' dir='ltr'><strong>bonorum,</strong></span> <span class='ocrx_word' id='word_1_124' title='bbox 879 1493 1006 1554; x_wconf 91' lang='lat' dir='ltr'><strong>quorum</strong></span> <span class='ocrx_word' id='word_1_125' title='bbox 1028 1479 1104 1535; x_wconf 89' lang='lat' dir='ltr'><strong>sector</strong></span> 
     </span>
     <span class='ocr_line' id='line_1_16' title="bbox 114 1554 1128 1645; baseline -0.006 -23"><span class='ocrx_word' id='word_1_126' title='bbox 114 1563 164 1623; x_wconf 92' lang='lat' dir='ltr'><strong>ille</strong></span> <span class='ocrx_word' id='word_1_127' title='bbox 188 1564 293 1645; x_wconf 75' lang='lat' dir='ltr'><strong>suerat,</strong></span> <span class='ocrx_word' id='word_1_128' title='bbox 316 1564 425 1643; x_wconf 92' lang='lat' dir='ltr'><strong>praeda</strong></span> <span class='ocrx_word' id='word_1_129' title='bbox 448 1565 585 1624; x_wconf 86' lang='lat' dir='ltr'><strong>devorata</strong></span> <span class='ocrx_word' id='word_1_130' title='bbox 603 1566 758 1644; x_wconf 91' lang='lat' dir='ltr'><strong>possessio</strong></span> <span class='ocrx_word' id='word_1_131' title='bbox 777 1582 898 1624; x_wconf 90' lang='lat' dir='ltr'><strong>manere</strong></span> <span class='ocrx_word' id='word_1_132' title='bbox 917 1583 977 1625; x_wconf 95' lang='lat' dir='ltr'><strong>non</strong></span> <span class='ocrx_word' id='word_1_133' title='bbox 995 1554 1128 1643; x_wconf 64' lang='lat' dir='ltr'><strong>poterattss</strong></span> 
     </span>
     <span class='ocr_line' id='line_1_17' title="bbox 117 1645 1104 1732; baseline -0.004 -20"><span class='ocrx_word' id='word_1_134' title='bbox 117 1653 281 1712; x_wconf 88' lang='lat' dir='ltr'><strong>detrectare</strong></span> <span class='ocrx_word' id='word_1_135' title='bbox 322 1655 418 1731; x_wconf 92' lang='lat' dir='ltr'><strong>coepit</strong></span> <span class='ocrx_word' id='word_1_136' title='bbox 454 1653 583 1713; x_wconf 83' lang='lat' dir='ltr'><strong>foederis</strong></span> <span class='ocrx_word' id='word_1_137' title='bbox 619 1658 746 1732; x_wconf 91' lang='lat' dir='ltr'><strong>pactum.</strong></span> <span class='ocrx_word' id='word_1_138' title='bbox 800 1655 901 1732; x_wconf 88' lang='lat' dir='ltr'><strong>itaque</strong></span> <span class='ocrx_word' id='word_1_139' title='bbox 938 1660 968 1713; x_wconf 92' lang='lat' dir='ltr'><strong>et</strong></span> <span class='ocrx_word' id='word_1_140' title='bbox 1003 1652 1049 1712; x_wconf 92' lang='lat' dir='ltr'><strong>ille</strong></span> <span class='ocrx_word' id='word_1_141' title='bbox 1078 1645 1104 1707; x_wconf 85' lang='lat' dir='ltr'><strong>ad</strong></span> 
     </span>
     <span class='ocr_line' id='line_1_18' title="bbox 117 1741 1104 1821; baseline -0.006 -20"><span class='ocrx_word' id='word_1_142' title='bbox 117 1760 197 1801; x_wconf 91' lang='lat' dir='ltr'><strong>arma</strong></span> <span class='ocrx_word' id='word_1_143' title='bbox 225 1759 342 1820; x_wconf 79' lang='lat' dir='ltr'><strong>rursus,</strong></span> <span class='ocrx_word' id='word_1_144' title='bbox 370 1748 400 1800; x_wconf 89' lang='lat' dir='ltr'><strong>et</strong></span> <span class='ocrx_word' id='word_1_145' title='bbox 426 1744 497 1800; x_wconf 91' lang='lat' dir='ltr'><strong>totis</strong></span> <span class='ocrx_word' id='word_1_146' title='bbox 524 1744 642 1821; x_wconf 89' lang='lat' dir='ltr'><strong>imperii</strong></span> <span class='ocrx_word' id='word_1_147' title='bbox 668 1741 782 1802; x_wconf 85' lang='lat' dir='ltr'><strong>viribus</strong></span> <span class='ocrx_word' id='word_1_148' title='bbox 808 1741 911 1802; x_wconf 90' lang='lat' dir='ltr'><strong>classis</strong></span> <span class='ocrx_word' id='word_1_149' title='bbox 926 1743 966 1802; x_wconf 81' lang='lat' dir='ltr'><strong>&#39;in</strong></span> <span class='ocrx_word' id='word_1_150' title='bbox 989 1744 1104 1802; x_wconf 87' lang='lat' dir='ltr'><strong>iuvenem</strong></span> 
     </span>
     <span class='ocr_line' id='line_1_19' title="bbox 81 1830 1103 1910; baseline -0.008 -17"><span class='ocrx_word' id='word_1_151' title='bbox 81 1845 97 1893; x_wconf 84' lang='lat'>6</span> <span class='ocrx_word' id='word_1_152' title='bbox 117 1834 274 1907; x_wconf 87' lang='lat' dir='ltr'><strong>conparata</strong></span> <span class='ocrx_word' id='word_1_153' title='bbox 298 1834 354 1908; x_wconf 84' lang='lat' dir='ltr'><strong>est,</strong></span> <span class='ocrx_word' id='word_1_154' title='bbox 377 1831 461 1889; x_wconf 91' lang='lat' dir='ltr'><strong>cuius</strong></span> <span class='ocrx_word' id='word_1_155' title='bbox 485 1830 597 1890; x_wconf 87' lang='lat' dir='ltr'><strong>molitio</strong></span> <span class='ocrx_word' id='word_1_156' title='bbox 620 1833 685 1910; x_wconf 92' lang='lat' dir='ltr'><strong>ipsa</strong></span> <span class='ocrx_word' id='word_1_157' title='bbox 704 1831 866 1908; x_wconf 84' lang='lat' dir='ltr'><strong>magnifica.</strong></span> <span class='ocrx_word' id='word_1_158' title='bbox 905 1833 1014 1910; x_wconf 92' lang='lat' dir='ltr'><strong>quippe</strong></span> <span class='ocrx_word' id='word_1_159' title='bbox 1033 1832 1103 1889; x_wconf 88' lang='lat' dir='ltr'><strong>inter·</strong></span> 
     </span>
     <span class='ocr_line' id='line_1_20' title="bbox 116 1917 1102 1998; baseline -0.004 -21"><span class='ocrx_word' id='word_1_160' title='bbox 116 1920 178 1977; x_wconf 93' lang='lat' dir='ltr'><strong>ciso</strong></span> <span class='ocrx_word' id='word_1_161' title='bbox 202 1917 384 1978; x_wconf 87' lang='lat' dir='ltr'><strong>Herculanae</strong></span> <span class='ocrx_word' id='word_1_162' title='bbox 408 1920 471 1978; x_wconf 90' lang='lat' dir='ltr'><strong>viae</strong></span> <span class='ocrx_word' id='word_1_163' title='bbox 497 1918 590 1979; x_wconf 89' lang='lat' dir='ltr'><strong>limite</strong></span> <span class='ocrx_word' id='word_1_164' title='bbox 613 1920 795 1998; x_wconf 86' lang='lat' dir='ltr'><strong>refossisque</strong></span> <span class='ocrx_word' id='word_1_165' title='bbox 818 1918 956 1980; x_wconf 88' lang='lat' dir='ltr'><strong>litoribus</strong></span> <span class='ocrx_word' id='word_1_166' title='bbox 979 1919 1102 1979; x_wconf 85' lang='lat' dir='ltr'><strong>Lucrinus</strong></span> 
     </span>
     <span class='ocr_line' id='line_1_21' title="bbox 115 1998 1129 2087; baseline -0.005 -22"><span class='ocrx_word' id='word_1_167' title='bbox 115 2005 196 2065; x_wconf 89' lang='lat' dir='ltr'><strong>lacus</strong></span> <span class='ocrx_word' id='word_1_168' title='bbox 224 2013 354 2067; x_wconf 91' lang='lat' dir='ltr'><strong>mutatus</strong></span> <span class='ocrx_word' id='word_1_169' title='bbox 382 2009 413 2067; x_wconf 93' lang='lat' dir='ltr'><strong>in</strong></span> <span class='ocrx_word' id='word_1_170' title='bbox 441 2015 559 2085; x_wconf 89' lang='lat' dir='ltr'><strong>portum</strong></span> <span class='ocrx_word' id='word_1_171' title='bbox 583 2010 669 2087; x_wconf 90' lang='lat' dir='ltr'><strong>eique</strong></span> <span class='ocrx_word' id='word_1_172' title='bbox 693 2010 862 2086; x_wconf 91' lang='lat' dir='ltr'><strong>interrupto</strong></span> <span class='ocrx_word' id='word_1_173' title='bbox 885 2008 984 2068; x_wconf 95' lang='lat' dir='ltr'><strong>medio</strong></span> <span class='ocrx_word' id='word_1_174' title='bbox 1007 1998 1129 2068; x_wconf 62' lang='lat' dir='ltr'><strong>additus*</strong></span> 
     </span>
     <span class='ocr_line' id='line_1_22' title="bbox 116 2094 1102 2176; baseline -0.003 -22"><span class='ocrx_word' id='word_1_175' title='bbox 116 2101 161 2154; x_wconf 90' lang='lat' dir='ltr'><strong>est</strong></span> <span class='ocrx_word' id='word_1_176' title='bbox 189 2095 335 2176; x_wconf 78' lang='lat' dir='ltr'><strong>Avernus,</strong></span> <span class='ocrx_word' id='word_1_177' title='bbox 368 2104 400 2157; x_wconf 91' lang='lat' dir='ltr'><strong>ut</strong></span> <span class='ocrx_word' id='word_1_178' title='bbox 428 2099 459 2155; x_wconf 90' lang='lat' dir='ltr'><strong>in</strong></span> <span class='ocrx_word' id='word_1_179' title='bbox 487 2096 534 2156; x_wconf 87' lang='lat' dir='ltr'><strong>illa</strong></span> <span class='ocrx_word' id='word_1_180' title='bbox 563 2114 705 2174; x_wconf 89' lang='lat' dir='ltr'><strong>aquarum</strong></span> <span class='ocrx_word' id='word_1_181' title='bbox 735 2098 833 2174; x_wconf 91' lang='lat' dir='ltr'><strong>quiete</strong></span> <span class='ocrx_word' id='word_1_182' title='bbox 862 2096 967 2157; x_wconf 89' lang='lat' dir='ltr'><strong>classis</strong></span> <span class='ocrx_word' id='word_1_183' title='bbox 994 2094 1102 2157; x_wconf 82' lang='lat' dir='ltr'><strong>exercita</strong></span> 
     </span>
     <span class='ocr_line' id='line_1_23' title="bbox 82 2184 1101 2264; baseline -0.004 -22"><span class='ocrx_word' id='word_1_184' title='bbox 82 2185 274 2261; x_wconf 72' lang='lat' dir='ltr'><strong>rimaginem</strong></span> <span class='ocrx_word' id='word_1_185' title='bbox 301 2185 372 2245; x_wconf 92' lang='lat' dir='ltr'><strong>belli</strong></span> <span class='ocrx_word' id='word_1_186' title='bbox 399 2184 509 2245; x_wconf 89' lang='lat' dir='ltr'><strong>navalis</strong></span> <span class='ocrx_word' id='word_1_187' title='bbox 538 2186 668 2263; x_wconf 88' lang='lat' dir='ltr'><strong>agitaret.</strong></span> <span class='ocrx_word' id='word_1_188' title='bbox 714 2191 795 2245; x_wconf 90' lang='lat' dir='ltr'><strong>tanta</strong></span> <span class='ocrx_word' id='word_1_189' title='bbox 819 2184 896 2246; x_wconf 93' lang='lat' dir='ltr'><strong>mole</strong></span> <span class='ocrx_word' id='word_1_190' title='bbox 919 2185 990 2246; x_wconf 90' lang='lat' dir='ltr'><strong>belli</strong></span> <span class='ocrx_word' id='word_1_191' title='bbox 1011 2184 1101 2264; x_wconf 89' lang='lat' dir='ltr'><strong>petitus</strong></span> 
     </span>
     <span class='ocr_line' id='line_1_24' title="bbox 115 2273 1101 2353; baseline -0.004 -22"><span class='ocrx_word' id='word_1_192' title='bbox 115 2274 146 2332; x_wconf 92' lang='lat' dir='ltr'><strong>in</strong></span> <span class='ocrx_word' id='word_1_193' title='bbox 175 2273 273 2334; x_wconf 84' lang='lat' dir='ltr'><strong>Siculo</strong></span> <span class='ocrx_word' id='word_1_194' title='bbox 306 2275 381 2334; x_wconf 88' lang='lat' dir='ltr'><strong>freto</strong></span> <span class='ocrx_word' id='word_1_195' title='bbox 413 2276 528 2334; x_wconf 91' lang='lat' dir='ltr'><strong>iuvenis</strong></span> <span class='ocrx_word' id='word_1_196' title='bbox 561 2283 720 2352; x_wconf 88' lang='lat' dir='ltr'><strong>oppressus</strong></span> <span class='ocrx_word' id='word_1_197' title='bbox 752 2281 798 2334; x_wconf 91' lang='lat' dir='ltr'><strong>est</strong></span> <span class='ocrx_word' id='word_1_198' title='bbox 830 2276 989 2353; x_wconf 85' lang='lat' dir='ltr'><strong>magnique</strong></span> <span class='ocrx_word' id='word_1_199' title='bbox 1016 2275 1101 2333; x_wconf 80' lang='lat' dir='ltr'><strong>saman</strong></span> 
     </span>
     <span class='ocr_line' id='line_1_25' title="bbox 115 2362 1101 2442; baseline -0.006 -21"><span class='ocrx_word' id='word_1_200' title='bbox 115 2362 199 2422; x_wconf 90' lang='lat' dir='ltr'><strong>ducis</strong></span> <span class='ocrx_word' id='word_1_201' title='bbox 219 2364 253 2423; x_wconf 93' lang='lat' dir='ltr'><strong>ad</strong></span> <span class='ocrx_word' id='word_1_202' title='bbox 273 2364 384 2423; x_wconf 78' lang='lat' dir='ltr'><strong>inferos</strong></span> <span class='ocrx_word' id='word_1_203' title='bbox 404 2382 505 2423; x_wconf 90' lang='lat' dir='ltr'><strong>secum</strong></span> <span class='ocrx_word' id='word_1_204' title='bbox 521 2362 647 2442; x_wconf 83' lang='lat' dir='ltr'><strong>tulisset,</strong></span> <span class='ocrx_word' id='word_1_205' title='bbox 667 2365 693 2422; x_wconf 92' lang='lat' dir='ltr'><strong>si</strong></span> <span class='ocrx_word' id='word_1_206' title='bbox 706 2362 779 2422; x_wconf 89' lang='lat' dir='ltr'><strong>nihil</strong></span> <span class='ocrx_word' id='word_1_207' title='bbox 794 2369 970 2442; x_wconf 90' lang='lat' dir='ltr'><strong>temptasset</strong></span> <span class='ocrx_word' id='word_1_208' title='bbox 984 2362 1101 2433; x_wconf 65' lang='lat' dir='ltr'><strong>ulterius</strong></span> 
     </span>
     <span class='ocr_line' id='line_1_26' title="bbox 114 2436 1146 2539; baseline -0.003 -30"><span class='ocrx_word' id='word_1_209' title='bbox 114 2453 173 2509; x_wconf 93' lang='lat' dir='ltr'><strong>nisi</strong></span> <span class='ocrx_word' id='word_1_210' title='bbox 210 2452 288 2529; x_wconf 93' lang='lat' dir='ltr'><strong>quod</strong></span> <span class='ocrx_word' id='word_1_211' title='bbox 320 2470 442 2529; x_wconf 83' lang='lat' dir='ltr'><strong>magnae</strong></span> <span class='ocrx_word' id='word_1_212' title='bbox 475 2451 582 2511; x_wconf 92' lang='lat' dir='ltr'><strong>indolis</strong></span> <span class='ocrx_word' id='word_1_213' title='bbox 615 2454 731 2529; x_wconf 84' lang='lat' dir='ltr'><strong>signum</strong></span> <span class='ocrx_word' id='word_1_214' title='bbox 764 2458 810 2511; x_wconf 92' lang='grc' dir='ltr'><strong>θεῖ</strong></span> <span class='ocrx_word' id='word_1_215' title='bbox 842 2470 963 2531; x_wconf 89' lang='lat' dir='ltr'><strong>sperare</strong></span> <span class='ocrx_word' id='word_1_216' title='bbox 997 2436 1146 2539; x_wconf 56' lang='lat' dir='ltr'><strong>sempcrst‘}</strong></span> 
     </span>
    </p>
   </div>
   <div class='ocr_carea' id='block_1_3' title="bbox 40 2674 1146 3597">
    <p class='ocr_par' dir='ltr' id='par_1_3' title="bbox 40 2674 1146 3597">
     <span class='ocr_line' id='line_1_27' title="bbox 188 2674 1146 2745; baseline 0.001 -19"><span class='ocrx_word' id='word_1_217' title='bbox 188 2679 201 2725; x_wconf 93' lang='lat'>1</span> <span class='ocrx_word' id='word_1_218' title='bbox 221 2674 376 2742; x_wconf 84' lang='lat' dir='ltr'><strong>praedendi</strong></span> <span class='ocrx_word' id='word_1_219' title='bbox 393 2676 433 2729; x_wconf 86' lang='lat' dir='ltr'><strong>B:</strong></span> <span class='ocrx_word' id='word_1_220' title='bbox 452 2692 521 2730; x_wconf 81' lang='lat' dir='ltr'><strong>corr.</strong></span> <span class='ocrx_word' id='word_1_221' title='bbox 537 2675 668 2729; x_wconf 67' lang='lat' dir='ltr'><strong>Halmius</strong></span> <span class='ocrx_word' id='word_1_222' title='bbox 688 2678 697 2744; x_wconf 72' lang='lat' dir='ltr'>ss</span> <span class='ocrx_word' id='word_1_223' title='bbox 719 2681 735 2728; x_wconf 79' lang='lat'>2</span> <span class='ocrx_word' id='word_1_224' title='bbox 753 2675 846 2729; x_wconf 88' lang='lat' dir='ltr'><strong>bubus</strong></span> <span class='ocrx_word' id='word_1_225' title='bbox 865 2678 1011 2745; x_wconf 78' lang='lat' dir='ltr'><strong>(posterior</strong></span> <span class='ocrx_word' id='word_1_226' title='bbox 1027 2674 1043 2728; x_wconf 94' lang='lat' dir='ltr'><strong>b</strong></span> <span class='ocrx_word' id='word_1_227' title='bbox 1059 2685 1100 2727; x_wconf 69' lang='lat' dir='ltr'><strong>cor</strong></span> <span class='ocrx_word' id='word_1_228' title='bbox 1143 2676 1146 2693; x_wconf 79' lang='lat'><strong><em>⁵</em></strong></span> 
     </span>
     <span class='ocr_line' id='line_1_28' title="bbox 114 2736 1102 2816; baseline 0 -19"><span class='ocrx_word' id='word_1_229' title='bbox 114 2750 189 2797; x_wconf 81' lang='lat' dir='ltr'><strong>reeta</strong></span> <span class='ocrx_word' id='word_1_230' title='bbox 207 2762 240 2797; x_wconf 83' lang='lat' dir='ltr'><strong>ec</strong></span> <span class='ocrx_word' id='word_1_231' title='bbox 259 2744 286 2813; x_wconf 88' lang='lat' dir='ltr'><strong>d)</strong></span> <span class='ocrx_word' id='word_1_232' title='bbox 301 2747 328 2799; x_wconf 99' lang='grc' dir='ltr'><em>Β</em></span> <span class='ocrx_word' id='word_1_233' title='bbox 342 2747 382 2812; x_wconf 78' lang='grc'><strong>114</strong></span> <span class='ocrx_word' id='word_1_234' title='bbox 400 2747 453 2798; x_wconf 93' lang='lat' dir='ltr'><strong>hoc</strong></span> <span class='ocrx_word' id='word_1_235' title='bbox 471 2747 612 2814; x_wconf 78' lang='lat' dir='ltr'><strong>putabant</strong></span> <span class='ocrx_word' id='word_1_236' title='bbox 631 2753 694 2801; x_wconf 78' lang='lat' dir='ltr'><strong>ante</strong></span> <span class='ocrx_word' id='word_1_237' title='bbox 707 2750 739 2800; x_wconf 81' lang='lat' dir='ltr'><strong>ut</strong></span> <span class='ocrx_word' id='word_1_238' title='bbox 753 2749 816 2802; x_wconf 85' lang='lat' dir='ltr'><strong>add.</strong></span> <span class='ocrx_word' id='word_1_239' title='bbox 832 2749 871 2801; x_wconf 89' lang='lat' dir='ltr'><strong>B:</strong></span> <span class='ocrx_word' id='word_1_240' title='bbox 891 2750 942 2803; x_wconf 84' lang='lat' dir='ltr'><strong>det.</strong></span> <span class='ocrx_word' id='word_1_241' title='bbox 958 2736 1102 2816; x_wconf 65' lang='lat' dir='ltr'><strong>Hauptiotfi</strong></span> 
     </span>
     <span class='ocr_line' id='line_1_29' title="bbox 115 2814 1146 2887; baseline 0.009 -21"><span class='ocrx_word' id='word_1_242' title='bbox 115 2822 131 2866; x_wconf 91' lang='grc'><strong>6</strong></span> <span class='ocrx_word' id='word_1_243' title='bbox 150 2814 275 2884; x_wconf 89' lang='lat' dir='ltr'><strong>phoedus</strong></span> <span class='ocrx_word' id='word_1_244' title='bbox 294 2816 321 2868; x_wconf 89' lang='grc' dir='ltr'><strong><em>Β</em></strong></span> <span class='ocrx_word' id='word_1_245' title='bbox 342 2819 345 2884; x_wconf 89' lang='grc' dir='ltr'>Ι</span> <span class='ocrx_word' id='word_1_246' title='bbox 366 2817 398 2868; x_wconf 82' lang='lat' dir='ltr'><strong>ut</strong></span> <span class='ocrx_word' id='word_1_247' title='bbox 414 2833 471 2884; x_wconf 81' lang='lat' dir='ltr'><strong>pax</strong></span> <span class='ocrx_word' id='word_1_248' title='bbox 489 2818 517 2869; x_wconf 92' lang='grc' dir='ltr'><em>Β</em></span> <span class='ocrx_word' id='word_1_249' title='bbox 534 2820 543 2886; x_wconf 89' lang='grc' dir='ltr'><strong>ΙΙ</strong></span> <span class='ocrx_word' id='word_1_250' title='bbox 562 2824 578 2871; x_wconf 86' lang='grc'>8</span> <span class='ocrx_word' id='word_1_251' title='bbox 596 2816 709 2871; x_wconf 83' lang='lat' dir='ltr'><strong>redditu</strong></span> <span class='ocrx_word' id='word_1_252' title='bbox 727 2818 755 2871; x_wconf 94' lang='grc' dir='ltr'><em>Β</em></span> <span class='ocrx_word' id='word_1_253' title='bbox 772 2820 782 2887; x_wconf 81' lang='grc' dir='ltr'><strong>ΙΙ</strong></span> <span class='ocrx_word' id='word_1_254' title='bbox 801 2822 832 2871; x_wconf 91' lang='grc'><strong>11</strong></span> <span class='ocrx_word' id='word_1_255' title='bbox 853 2816 1101 2887; x_wconf 64' lang='lat' dir='ltr'><strong>inquirentem</strong></span> <span class='ocrx_word' id='word_1_256' title='bbox 1144 2870 1146 2875; x_wconf 93' lang='lat'><em>.</em></span> 
     </span>
     <span class='ocr_line' id='line_1_30' title="bbox 115 2881 1146 2958; baseline 0.006 -19"><span class='ocrx_word' id='word_1_257' title='bbox 115 2903 148 2940; x_wconf 74' lang='lat' dir='ltr'><strong>ec</strong></span> <span class='ocrx_word' id='word_1_258' title='bbox 174 2885 202 2955; x_wconf 85' lang='lat' dir='ltr'><strong>d)</strong></span> <span class='ocrx_word' id='word_1_259' title='bbox 225 2887 252 2939; x_wconf 89' lang='grc' dir='ltr'><strong><em>Β</em></strong></span> <span class='ocrx_word' id='word_1_260' title='bbox 283 2886 287 2957; x_wconf 65' lang='lat' dir='ltr'><strong>i</strong></span> <span class='ocrx_word' id='word_1_261' title='bbox 315 2903 394 2940; x_wconf 83' lang='lat' dir='ltr'><strong>meae</strong></span> <span class='ocrx_word' id='word_1_262' title='bbox 417 2889 508 2955; x_wconf 80' lang='lat' dir='ltr'><strong>(prior</strong></span> <span class='ocrx_word' id='word_1_263' title='bbox 531 2904 546 2942; x_wconf 91' lang='lat' dir='ltr'><strong>e</strong></span> <span class='ocrx_word' id='word_1_264' title='bbox 569 2906 655 2957; x_wconf 68' lang='lat' dir='ltr'><strong>stupro</strong></span> <span class='ocrx_word' id='word_1_265' title='bbox 677 2891 791 2958; x_wconf 77' lang='lat' dir='ltr'><strong>cereum)</strong></span> <span class='ocrx_word' id='word_1_266' title='bbox 815 2890 842 2943; x_wconf 91' lang='lat' dir='ltr'><em>B</em></span> <span class='ocrx_word' id='word_1_267' title='bbox 868 2892 872 2958; x_wconf 91' lang='grc' dir='ltr'>Ι</span> <span class='ocrx_word' id='word_1_268' title='bbox 898 2892 948 2943; x_wconf 84' lang='lat' dir='ltr'><strong>aut</strong></span> <span class='ocrx_word' id='word_1_269' title='bbox 973 2891 1000 2943; x_wconf 99' lang='grc' dir='ltr'><em>Β</em></span> <span class='ocrx_word' id='word_1_270' title='bbox 1023 2892 1026 2957; x_wconf 95' lang='grc' dir='ltr'>Ι</span> <span class='ocrx_word' id='word_1_271' title='bbox 1047 2881 1099 2938; x_wconf 69' lang='lat' dir='ltr'><strong>init·</strong></span> <span class='ocrx_word' id='word_1_272' title='bbox 1143 2920 1146 2945; x_wconf 60' lang='grc' dir='ltr'>ε</span> 
     </span>
     <span class='ocr_line' id='line_1_31' title="bbox 115 2952 1146 3031; baseline -0.002 -18"><span class='ocrx_word' id='word_1_273' title='bbox 115 2956 268 3013; x_wconf 80' lang='lat' dir='ltr'><strong>ceberrima</strong></span> <span class='ocrx_word' id='word_1_274' title='bbox 286 2960 317 3011; x_wconf 80' lang='lat' dir='ltr'><strong>tu</strong></span> <span class='ocrx_word' id='word_1_275' title='bbox 335 2957 547 3012; x_wconf 85' lang='lat' dir='ltr'><strong>inceleberrima</strong></span> <span class='ocrx_word' id='word_1_276' title='bbox 565 2962 681 3014; x_wconf 78' lang='lat' dir='ltr'><strong>mutavit</strong></span> <span class='ocrx_word' id='word_1_277' title='bbox 699 2960 739 3013; x_wconf 85' lang='grc' dir='ltr'><strong>Β1</strong></span> <span class='ocrx_word' id='word_1_278' title='bbox 754 2962 763 3030; x_wconf 79' lang='grc' dir='ltr'><strong>ΙΙ</strong></span> <span class='ocrx_word' id='word_1_279' title='bbox 781 2966 814 3012; x_wconf 85' lang='grc'><strong>13</strong></span> <span class='ocrx_word' id='word_1_280' title='bbox 833 2960 1035 3030; x_wconf 76' lang='lat' dir='ltr'><strong>inportunitate</strong></span> <span class='ocrx_word' id='word_1_281' title='bbox 1050 2952 1100 3010; x_wconf 82' lang='lat' dir='ltr'><strong>lod·</strong></span> <span class='ocrx_word' id='word_1_282' title='bbox 1144 2986 1146 3031; x_wconf 74' lang='lat' dir='ltr'><strong>i</strong></span> 
     </span>
     <span class='ocr_line' id='line_1_32' title="bbox 114 3028 1146 3101; baseline -0.008 -18"><span class='ocrx_word' id='word_1_283' title='bbox 114 3031 178 3083; x_wconf 78' lang='lat' dir='ltr'><strong>ocius</strong></span> <span class='ocrx_word' id='word_1_284' title='bbox 201 3028 352 3097; x_wconf 80' lang='lat' dir='ltr'><strong>inportuna</strong></span> <span class='ocrx_word' id='word_1_285' title='bbox 375 3029 436 3083; x_wconf 78' lang='lat' dir='ltr'><strong>curi</strong></span> <span class='ocrx_word' id='word_1_286' title='bbox 459 3030 548 3084; x_wconf 80' lang='lat' dir='ltr'><strong>fames</strong></span> <span class='ocrx_word' id='word_1_287' title='bbox 566 3029 695 3097; x_wconf 78' lang='lat' dir='ltr'><strong>Antonii3</strong></span> <span class='ocrx_word' id='word_1_288' title='bbox 714 3031 899 3086; x_wconf 79' lang='lat' dir='ltr'><strong>Baehrensius</strong></span> <span class='ocrx_word' id='word_1_289' title='bbox 917 3032 948 3086; x_wconf 91' lang='lat' dir='ltr'><strong>in</strong></span> <span class='ocrx_word' id='word_1_290' title='bbox 964 3033 1043 3101; x_wconf 78' lang='lat' dir='ltr'><strong>pacto</strong></span> <span class='ocrx_word' id='word_1_291' title='bbox 1056 3037 1100 3078; x_wconf 86' lang='lat' dir='ltr'><strong>non</strong></span> <span class='ocrx_word' id='word_1_292' title='bbox 1144 3042 1146 3051; x_wconf 93' lang='lat'>·</span> 
     </span>
     <span class='ocr_line' id='line_1_33' title="bbox 114 3090 1097 3172; baseline -0.002 -20"><span class='ocrx_word' id='word_1_293' title='bbox 114 3102 244 3153; x_wconf 85' lang='lat' dir='ltr'><strong>manente</strong></span> <span class='ocrx_word' id='word_1_294' title='bbox 262 3100 405 3155; x_wconf 77' lang='lat' dir='ltr'><strong>Antonio?</strong></span> <span class='ocrx_word' id='word_1_295' title='bbox 422 3103 431 3170; x_wconf 73' lang='grc'><strong>11</strong></span> <span class='ocrx_word' id='word_1_296' title='bbox 450 3107 484 3154; x_wconf 85' lang='grc'><strong>14</strong></span> <span class='ocrx_word' id='word_1_297' title='bbox 503 3104 594 3156; x_wconf 88' lang='lat' dir='ltr'><strong>sector</strong></span> <span class='ocrx_word' id='word_1_298' title='bbox 612 3103 640 3156; x_wconf 91' lang='grc' dir='ltr'><em>Β</em></span> <span class='ocrx_word' id='word_1_299' title='bbox 658 3104 781 3156; x_wconf 80' lang='lat' dir='ltr'><strong>sectator</strong></span> <span class='ocrx_word' id='word_1_300' title='bbox 798 3103 839 3156; x_wconf 90' lang='lat' dir='ltr'><strong>Bl</strong></span> <span class='ocrx_word' id='word_1_301' title='bbox 862 3104 871 3172; x_wconf 86' lang='grc' dir='ltr'><strong>ΙΙ</strong></span> <span class='ocrx_word' id='word_1_302' title='bbox 895 3108 927 3156; x_wconf 81' lang='lat'><strong>15</strong></span> <span class='ocrx_word' id='word_1_303' title='bbox 946 3102 1044 3172; x_wconf 81' lang='lat' dir='ltr'><strong>praedo</strong></span> <span class='ocrx_word' id='word_1_304' title='bbox 1058 3090 1097 3160; x_wconf 76' lang='lat' dir='ltr'><strong>Bt</strong></span> 
     </span>
     <span class='ocr_line' id='line_1_34' title="bbox 115 3169 1098 3242; baseline 0.004 -19"><span class='ocrx_word' id='word_1_305' title='bbox 115 3170 259 3224; x_wconf 88' lang='lat' dir='ltr'><strong>consensio</strong></span> <span class='ocrx_word' id='word_1_306' title='bbox 278 3172 462 3227; x_wconf 77' lang='lat' dir='ltr'><strong>Baehreuse&#39;us</strong></span> <span class='ocrx_word' id='word_1_307' title='bbox 482 3174 491 3241; x_wconf 86' lang='grc' dir='ltr'><strong>ΙΙ</strong></span> <span class='ocrx_word' id='word_1_308' title='bbox 513 3178 545 3226; x_wconf 88' lang='grc'><strong>16</strong></span> <span class='ocrx_word' id='word_1_309' title='bbox 563 3171 712 3241; x_wconf 86' lang='lat' dir='ltr'><strong>phoederis</strong></span> <span class='ocrx_word' id='word_1_310' title='bbox 731 3175 758 3228; x_wconf 91' lang='lat' dir='ltr'><em>B</em></span> <span class='ocrx_word' id='word_1_311' title='bbox 779 3175 783 3242; x_wconf 94' lang='grc' dir='ltr'>Ι</span> <span class='ocrx_word' id='word_1_312' title='bbox 804 3172 883 3227; x_wconf 87' lang='lat' dir='ltr'><strong>inille</strong></span> <span class='ocrx_word' id='word_1_313' title='bbox 902 3176 942 3229; x_wconf 87' lang='lat' dir='ltr'><strong>B:</strong></span> <span class='ocrx_word' id='word_1_314' title='bbox 962 3169 1098 3242; x_wconf 60' lang='lat' dir='ltr'><strong>correobt·</strong></span> 
     </span>
     <span class='ocr_line' id='line_1_35' title="bbox 110 3236 1097 3312; baseline 0.003 -18"><span class='ocrx_word' id='word_1_315' title='bbox 110 3260 137 3310; x_wconf 67' lang='lat' dir='ltr'><strong>p,</strong></span> <span class='ocrx_word' id='word_1_316' title='bbox 157 3247 218 3307; x_wconf 72' lang='lat'><strong><em>174,</em></strong></span> <span class='ocrx_word' id='word_1_317' title='bbox 232 3248 266 3296; x_wconf 87' lang='grc'><strong>13</strong></span> <span class='ocrx_word' id='word_1_318' title='bbox 285 3242 356 3296; x_wconf 88' lang='lat' dir='ltr'><strong>itum</strong></span> <span class='ocrx_word' id='word_1_319' title='bbox 374 3244 506 3296; x_wconf 76' lang='lat' dir='ltr'><strong>Halmius</strong></span> <span class='ocrx_word' id='word_1_320' title='bbox 519 3244 528 3312; x_wconf 85' lang='grc' dir='ltr'><strong>ΙΙ</strong></span> <span class='ocrx_word' id='word_1_321' title='bbox 544 3249 575 3296; x_wconf 77' lang='lat'><strong>1⁷</strong></span> <span class='ocrx_word' id='word_1_322' title='bbox 596 3246 625 3297; x_wconf 80' lang='lat' dir='ltr'><strong>eb</strong></span> <span class='ocrx_word' id='word_1_323' title='bbox 643 3243 741 3298; x_wconf 83' lang='lat' dir='ltr'><strong>intotis</strong></span> <span class='ocrx_word' id='word_1_324' title='bbox 756 3245 795 3299; x_wconf 91' lang='lat' dir='ltr'><strong>B:</strong></span> <span class='ocrx_word' id='word_1_325' title='bbox 815 3248 922 3300; x_wconf 74' lang='lat' dir='ltr'><strong>correct</strong></span> <span class='ocrx_word' id='word_1_326' title='bbox 941 3247 970 3299; x_wconf 85' lang='lat' dir='ltr'><strong>et</strong></span> <span class='ocrx_word' id='word_1_327' title='bbox 983 3244 1035 3298; x_wconf 80' lang='lat' dir='ltr'><strong>iem</strong></span> <span class='ocrx_word' id='word_1_328' title='bbox 1046 3236 1097 3292; x_wconf 62' lang='lat' dir='ltr'><strong>bibli</strong></span> 
     </span>
     <span class='ocr_line' id='line_1_36' title="bbox 114 3315 1097 3388; baseline -0.001 -21"><span class='ocrx_word' id='word_1_329' title='bbox 114 3315 245 3367; x_wconf 73' lang='lat' dir='ltr'><strong>Halmius</strong></span> <span class='ocrx_word' id='word_1_330' title='bbox 265 3316 274 3383; x_wconf 90' lang='grc' dir='ltr'><strong>ΙΙ</strong></span> <span class='ocrx_word' id='word_1_331' title='bbox 297 3320 330 3367; x_wconf 79' lang='lat'><strong>21</strong></span> <span class='ocrx_word' id='word_1_332' title='bbox 355 3330 474 3367; x_wconf 73' lang='lat' dir='ltr'><strong>suemus</strong></span> <span class='ocrx_word' id='word_1_333' title='bbox 496 3315 520 3381; x_wconf 90' lang='lat' dir='ltr'><strong>(r</strong></span> <span class='ocrx_word' id='word_1_334' title='bbox 537 3331 623 3383; x_wconf 81' lang='lat' dir='ltr'><strong>supro</strong></span> <span class='ocrx_word' id='word_1_335' title='bbox 641 3317 755 3385; x_wconf 65' lang='lat' dir='ltr'><strong>cusum)</strong></span> <span class='ocrx_word' id='word_1_336' title='bbox 773 3317 801 3369; x_wconf 93' lang='grc' dir='ltr'><em>Β</em></span> <span class='ocrx_word' id='word_1_337' title='bbox 826 3317 830 3388; x_wconf 65' lang='lat' dir='ltr'>y</span> <span class='ocrx_word' id='word_1_338' title='bbox 855 3316 986 3371; x_wconf 80' lang='lat' dir='ltr'><strong>utinillae</strong></span> <span class='ocrx_word' id='word_1_339' title='bbox 1003 3317 1097 3383; x_wconf 73' lang='lat' dir='ltr'><strong>quorum</strong></span> 
     </span>
     <span class='ocr_line' id='line_1_37' title="bbox 114 3384 1097 3457; baseline -0.001 -20"><span class='ocrx_word' id='word_1_340' title='bbox 114 3385 141 3437; x_wconf 98' lang='grc' dir='ltr'><em>Β</em></span> <span class='ocrx_word' id='word_1_341' title='bbox 159 3387 168 3452; x_wconf 71' lang='lat' dir='ltr'>u</span> <span class='ocrx_word' id='word_1_342' title='bbox 187 3391 220 3436; x_wconf 78' lang='lat'><strong>22</strong></span> <span class='ocrx_word' id='word_1_343' title='bbox 240 3384 362 3454; x_wconf 82' lang='lat' dir='ltr'><strong>agitaret</strong></span> <span class='ocrx_word' id='word_1_344' title='bbox 380 3388 408 3454; x_wconf 84' lang='lat' dir='ltr'><strong>(a</strong></span> <span class='ocrx_word' id='word_1_345' title='bbox 426 3402 512 3452; x_wconf 77' lang='lat' dir='ltr'><strong>sopra</strong></span> <span class='ocrx_word' id='word_1_346' title='bbox 531 3401 594 3439; x_wconf 85' lang='lat' dir='ltr'><strong>em.</strong></span> <span class='ocrx_word' id='word_1_347' title='bbox 609 3389 638 3455; x_wconf 80' lang='lat'><strong>2)</strong></span> <span class='ocrx_word' id='word_1_348' title='bbox 653 3386 707 3456; x_wconf 76' lang='lat' dir='ltr'><strong>N}</strong></span> <span class='ocrx_word' id='word_1_349' title='bbox 727 3385 840 3456; x_wconf 86' lang='lat' dir='ltr'><strong>penitus</strong></span> <span class='ocrx_word' id='word_1_350' title='bbox 855 3388 882 3440; x_wconf 84' lang='lat' dir='ltr'><em>L</em></span> <span class='ocrx_word' id='word_1_351' title='bbox 899 3390 909 3457; x_wconf 82' lang='grc' dir='ltr'><strong>ΙΙ</strong></span> <span class='ocrx_word' id='word_1_352' title='bbox 927 3393 961 3441; x_wconf 74' lang='lat'><strong>23</strong></span> <span class='ocrx_word' id='word_1_353' title='bbox 975 3386 1097 3456; x_wconf 68' lang='lat' dir='ltr'><strong>oproeotu⁸</strong></span> 
     </span>
     <span class='ocr_line' id='line_1_38' title="bbox 114 3442 1094 3527; baseline 0.001 -19"><span class='ocrx_word' id='word_1_354' title='bbox 114 3455 141 3508; x_wconf 79' lang='lat' dir='ltr'><strong>n</strong></span> <span class='ocrx_word' id='word_1_355' title='bbox 162 3459 166 3521; x_wconf 63' lang='lat' dir='ltr'><strong>i</strong></span> <span class='ocrx_word' id='word_1_356' title='bbox 187 3454 292 3508; x_wconf 73' lang='lat' dir='ltr'><strong>famam</strong></span> <span class='ocrx_word' id='word_1_357' title='bbox 315 3459 371 3525; x_wconf 74' lang='lat' dir='ltr'><strong>(am</strong></span> <span class='ocrx_word' id='word_1_358' title='bbox 389 3474 475 3524; x_wconf 72' lang='lat' dir='ltr'><strong>sopra</strong></span> <span class='ocrx_word' id='word_1_359' title='bbox 492 3473 598 3511; x_wconf 68' lang='lat' dir='ltr'><strong>versun</strong></span> <span class='ocrx_word' id='word_1_360' title='bbox 615 3475 649 3512; x_wconf 77' lang='lat' dir='ltr'><strong>m.</strong></span> <span class='ocrx_word' id='word_1_361' title='bbox 668 3460 696 3526; x_wconf 78' lang='lat' dir='ltr'><strong>a)</strong></span> <span class='ocrx_word' id='word_1_362' title='bbox 716 3458 750 3512; x_wconf 77' lang='lat' dir='ltr'><strong>nr</strong></span> <span class='ocrx_word' id='word_1_363' title='bbox 765 3460 774 3527; x_wconf 79' lang='grc' dir='ltr'><strong>ιι</strong></span> <span class='ocrx_word' id='word_1_364' title='bbox 795 3464 830 3511; x_wconf 79' lang='lat'><strong>24</strong></span> <span class='ocrx_word' id='word_1_365' title='bbox 848 3458 921 3512; x_wconf 76' lang='lat' dir='ltr'><strong>niun</strong></span> <span class='ocrx_word' id='word_1_366' title='bbox 939 3455 1044 3512; x_wconf 69' lang='lat' dir='ltr'><strong>tunsae</strong></span> <span class='ocrx_word' id='word_1_367' title='bbox 1057 3442 1094 3509; x_wconf 70' lang='lat' dir='ltr'><strong>ii</strong></span> 
     </span>
     <span class='ocr_line' id='line_1_39' title="bbox 40 3522 711 3597; baseline 0.012 -23"><span class='ocrx_word' id='word_1_368' title='bbox 40 3530 43 3535; x_wconf 84' lang='lat'>&#39;</span> <span class='ocrx_word' id='word_1_369' title='bbox 115 3522 232 3577; x_wconf 88' lang='lat' dir='ltr'><strong>ulterius</strong></span> <span class='ocrx_word' id='word_1_370' title='bbox 250 3526 322 3580; x_wconf 90' lang='lat' dir='ltr'><strong>nihil</strong></span> <span class='ocrx_word' id='word_1_371' title='bbox 340 3527 395 3580; x_wconf 87' lang='lat' dir='ltr'><strong>nisi</strong></span> <span class='ocrx_word' id='word_1_372' title='bbox 414 3528 446 3581; x_wconf 90' lang='lat' dir='ltr'><strong><em>N</em></strong></span> <span class='ocrx_word' id='word_1_373' title='bbox 461 3529 470 3596; x_wconf 86' lang='grc' dir='ltr'><strong>ΙΙ</strong></span> <span class='ocrx_word' id='word_1_374' title='bbox 489 3532 522 3580; x_wconf 81' lang='lat'><strong>25</strong></span> <span class='ocrx_word' id='word_1_375' title='bbox 542 3531 667 3597; x_wconf 80' lang='lat' dir='ltr'><strong>speraret</strong></span> <span class='ocrx_word' id='word_1_376' title='bbox 684 3530 711 3582; x_wconf 84' lang='lat' dir='ltr'><em>L</em></span> 
     </span>
    </p>
   </div>
   <div class='ocr_carea' id='block_1_4' title="bbox 0 0 1198 3922">
    <p class='ocr_par' dir='ltr' id='par_1_4' title="bbox 0 0 1198 3922">
     <span class='ocr_line' id='line_1_40' title="bbox 0 0 1198 3922; baseline 0 2"><span class='ocrx_word' id='word_1_377' title='bbox 0 0 1198 3922; x_wconf 95' lang='lat' dir='ltr'><strong> </strong></span> 
     </span>
    </p>
   </div>
  </div>
 </body>
</html>
