2386 3922
142 865 163 924 1.
199 862 400 924 AROMVLO
423 862 600 924 TEMPORA
622 863 751 924 REGVll
774 863 929 925 SEPTEM.

93 1023 225 1103 Populus
238 1021 389 1084 Romanus
406 1041 422 1083 a
436 1041 507 1102 rege
520 1022 645 1084 Romulo
660 1026 692 1083 in
706 1023 863 1085 Gaesarem
876 1026 1040 1104 Augustum

52 1115 233 1192 optingentos
255 1127 426 1191 peraunos
449 1118 565 1172 tantum
584 1131 708 1191 operum
726 1131 799 1191 pace
818 1113 955 1193 belloque
975 1134 1040 1193 ges-

52 1209 79 1283 t,
107 1208 154 1282 ut,
182 1202 277 1280 siquis
300 1200 534 1278 magnitudinem
558 1202 678 1280 imperii
702 1219 770 1262 cum
791 1205 876 1262 annis
899 1204 1041 1284 conferat,

52 1297 154 1351 etatem
181 1289 259 1350 ultra
287 1295 381 1369 putet.
427 1291 469 1350 ita
495 1289 553 1349 late
581 1308 636 1368 per
664 1288 766 1350 orbem
788 1297 938 1352 terrarum
961 1302 1076 1352 armat

52 1378 220 1459 ncumtulit,
242 1385 276 1439 ut
299 1380 351 1458 qui
374 1396 424 1438 res
447 1377 528 1439 illius
547 1377 650 1456 legunt
668 1396 728 1437 non
746 1381 836 1440 unius
854 1379 966 1462 populi,
989 1381 1041 1441 sed

52 1469 147 1528 oneris
174 1467 297 1528 humaui
325 1468 400 1528 lacta
428 1467 609 1528 condiscant.
655 1472 699 1527 tot
726 1468 757 1527 in
784 1466 936 1529 laboribus
962 1471 1041 1548 peri-

52 1555 163 1635 disque
188 1557 313 1616 iactatus
337 1563 393 1636 est,
416 1563 450 1616 ut
472 1555 509 1616 ad
533 1555 773 1617 constituendum
797 1558 862 1617 eius
883 1559 1041 1637 imperium

52 1645 218 1705 intendisse
241 1645 342 1705 Virtus
370 1651 400 1704 et
422 1644 554 1705 Fortuna
581 1644 744 1706 videantur.
791 1664 882 1724 quare
909 1665 978 1707 cum
1002 1649 1076 1707 si·3

52 1734 100 1794 uid
133 1732 212 1794 aliud
244 1732 301 1793 hoc
333 1751 452 1812 quoque
486 1751 592 1812 operae
623 1736 754 1812 pretium
786 1736 826 1794 sit
853 1753 1043 1816 cognoscere,

52 1841 126 1882 nnen
149 1823 219 1901 quia
238 1823 302 1900 ipsa
321 1821 381 1882 sibi
399 1820 497 1882 obstat
514 1823 686 1901 magnitudo
705 1841 865 1902 remmque
885 1824 1042 1885 diversitas

52 1913 120 1972 :iem
147 1911 324 1971 intentionis
351 1909 514 1991 abrumpit,
543 1911 648 1972 laciam
676 1912 755 1990 quod
783 1912 880 1973 solent
907 1915 959 1992 qui
980 1920 1042 1974 ter-

52 2018 127 2060 num
159 2001 235 2060 situs
264 2000 405 2078 pingunt:
437 2000 469 2059 in
499 1999 582 2059 brevi
611 2003 696 2079 quasi
723 1999 830 2061 tabella
856 2008 949 2062 totam
976 2003 1042 2062 eius

52 2091 186 2170 naginem
209 2087 379 2168 amplectar,
402 2105 463 2147 non
483 2087 566 2169 nibil,
589 2096 622 2149 ut
640 2106 737 2167 spero,
761 2089 797 2148 ad
816 2088 1042 2150 admirationem

52 2177 172 2255 rincipis
194 2175 299 2255 populi
321 2175 506 2257 conlaturus,
530 2179 557 2236 si
578 2178 692 2254 pariter
714 2182 803 2254 atque
827 2177 952 2237 insemel
975 2179 1041 2239 uni·

52 2283 143 2325 orsam
165 2264 401 2343 magnitudinem
426 2267 491 2325 eius
515 2263 682 2325 ostendero.

95 2353 196 2432 Siquis
227 2371 298 2432 ergo
326 2353 470 2433 populum
497 2352 530 2413 Pc
560 2354 644 2431 quasi
673 2370 766 2412 unum
792 2350 943 2412 bominem
972 2362 1077 2413 con-4
1152 2392 1155 2402 -

52 2441 140 2502 deret
162 2448 314 2520 totamque
339 2444 404 2502 eius
428 2448 554 2503 aetatem
574 2449 758 2522 percenseat,
780 2447 814 2501 ut
833 2443 973 2522 coeperit,
995 2448 1041 2502 ut-

52 2548 85 2590 ue
117 2529 293 2611 adoleverit,
326 2538 359 2591 ut
391 2532 476 2610 quasi
508 2529 544 2591 ad
578 2530 724 2608 quandam
756 2532 892 2590 iuventae
927 2530 1042 2610 frugem

52 2621 210 2699 ervenerit,
238 2626 272 2680 ut
298 2626 402 2698 postea
428 2619 509 2680 velut
537 2620 740 2698 consenuerit,
768 2624 906 2697 quattuor
933 2620 1041 2700 gradus

52 2838 56 2844 .
100 2778 113 2826 1
133 2785 156 2826 A
174 2785 299 2827 Bouuuo
316 2803 348 2812 -
363 2785 489 2827 serrum.
509 2789 559 2828 om.
580 2772 604 2828 0
614 2775 623 2843 lt
642 2777 658 2824 2
676 2771 792 2826 inccesa
805 2787 880 2826 ·rem
898 2772 925 2827 L
940 2772 1040 2843 tnnc·

52 2843 84 2908 *l
101 2847 117 2896 ὁ
135 2841 179 2896 ita
197 2841 274 2896 enim
291 2842 350 2896 late
368 2843 395 2897 L
413 2843 524 2898 Monac.
543 2843 586 2898 ita
604 2842 680 2897 enim
697 2842 803 2911 ubique
825 2843 918 2898 Porio,
937 2846 1013 2898 5802
1033 2843 1040 2912 ll

58 2909 114 2989 eius
131 2912 233 2983 legunt
252 2912 300 2983 Ol}
319 2917 334 2966 ‘1
353 2912 416 2968 iste
432 2914 523 2969 Pario.
544 2920 614 2970 7701
635 2915 709 2969 Voss.
729 2914 814 2970 Rem.
835 2913 918 2969 Harl.
939 2915 945 2981 Ι
964 2912 1042 2965 fecte

52 2976 139 3037 bseant
154 2983 195 3056 01
212 2984 288 3052 quod
306 2985 386 3053 (quot
404 2985 437 3038 N
442 2985 462 3055 ²)
480 2983 511 3037 in
529 2983 675 3039 laboribus
693 2985 728 3039 N
742 2985 817 3040 Nom
834 2986 879 3039 tot
896 2981 1041 3038 laboribus

52 3047 163 3127 locro.
183 3059 261 3110 5802
280 3055 390 3111 Monac.
412 3056 421 3123 ΙΙ
442 3061 458 3109 9
476 3055 641 3110 uiderentur
659 3056 691 3110 N
707 3054 850 3111 uideretur
867 3056 894 3110 L
909 3057 914 3124 1
931 3053 956 3108 si
972 3069 1041 3123 prae-

52 3134 115 3202 upuae
133 3125 187 3180 hoc
206 3141 317 3194 quoque
333 3125 376 3194 Ol
391 3131 423 3179 12
441 3126 533 3181 solent
546 3129 576 3196 (n
588 3143 676 3196 supro
688 3130 805 3197 cereum)
818 3128 852 3181 N
862 3129 871 3196 l
886 3123 1041 3178 terebella

52 3198 146 3263 orpora
165 3214 236 3266 quoe
253 3213 283 3249 m
301 3197 441 3267 significat
457 3214 545 3266 supro
559 3200 736 3267 posteriorem
751 3215 768 3252 u
782 3199 872 3266 erasa)
884 3197 914 3250 B
929 3197 935 3264 Ι
949 3194 1040 3249 tobel-

53 3261 117 3322 ilom
135 3266 195 3322 eius
215 3267 242 3321 L
261 3266 510 3337 p141nmgginem
528 3270 556 3323 B
572 3271 576 3338 Ι
593 3269 820 3324 ammirationem
838 3269 888 3335 Li
904 3271 936 3320 16
955 3264 1041 3320 oolla·

52 3341 108 3390 orus
125 3339 150 3391 L
166 3342 170 3407 Ι
188 3338 280 3407 adque
299 3338 326 3391 B
342 3341 347 3403 1
362 3337 483 3393 insemel
503 3339 549 3409 Ol
572 3343 605 3393 17
624 3357 711 3394 unum
729 3357 779 3396 om.
802 3339 844 3408 op
858 3343 892 3392 18
912 3335 972 3392 eius
990 3353 1040 3393 ooo.

52 3393 83 3477 bl
95 3413 125 3461 19
143 3409 287 3478 quendam
307 3410 331 3465 0
340 3411 350 3479 ΙΙ
362 3408 518 3464 iuuentutis
535 3410 562 3464 L
578 3413 582 3479 Ι
597 3410 695 3465 florem
716 3411 740 3466 0
749 3415 758 3480 ΙΙ
772 3415 807 3464 20
825 3410 961 3480 quattuor
977 3425 1041 3479 gra-

52 3463 112 3531 hbus
133 3495 229 3534 romae
254 3482 333 3534 aetas
352 3482 445 3536 ceteris
464 3483 571 3537 molceio
588 3482 629 3550 B,
652 3500 676 3538 o.
696 3499 765 3552 quoe
783 3483 847 3539 dici
864 3482 909 3538 De
927 3480 1042 3539 &mooe
1114 3543 1117 3546 .
