2386 3922
390 146 591 201 PRAEFATIO
611 147 780 202 anl'roms
1002 146 1090 201 XLIX

70 318 130 376 aut
152 312 240 373 Flori
265 332 374 375 nomen
401 314 540 374 consulto
568 315 699 374 tacuerit
726 318 780 374 aut
808 315 921 375 oblitus
945 317 985 375 sit
1008 317 1089 392 apud

72 422 167 482 quem
196 402 373 463 historicum
399 402 484 462 illam
507 403 768 463 narratiunculam
790 404 908 482 legerit.
952 406 1090 464 aeonae

71 495 180 554 autem
204 510 314 552 nomen
336 490 464 552 cuilibet
485 491 562 552 libro
586 493 651 552 fata
673 493 779 569 populi
802 493 929 552 Romani
953 495 1087 554 narrant'

73 581 171 642 tribui
195 580 332 658 potuisse
354 583 448 657 patet.

141 668 231 739 Quod
253 668 449 730 consilium
467 669 575 730 Florus
593 669 625 728 in
643 670 848 745 componendo
866 670 943 730 libro
962 675 1085 731 secutus
1112 683 1177 723 mori

75 759 116 821 ait
138 762 171 818 et
194 758 258 835 ipse
280 757 314 817 in
330 757 520 834 praefatione
537 759 691 834 professus
710 762 764 833 est,
787 758 840 818 ubi
859 759 897 818 ad
916 746 1193 839 τιιιςθιιᾶιιιιιοἳῖἷῆῗῖῗ1

76 848 183 926 populi
205 847 335 907 Romani
358 846 589 907 admirationem
610 846 743 907 breviter
764 865 796 906 se
820 850 852 907 et
868 850 984 922 pariter
1004 853 1089 922 auce
1109 854 1160 884 ⁰⁰⁸*

76 937 198 997 merari
215 935 387 996 universam
404 935 645 1013 magnitudinem
662 936 727 997 eius
746 936 902 996 ostendere
916 938 995 997 velle
1009 937 1091 1015 dicit,

77 1029 110 1087 et
133 1045 170 1085 ex
195 1023 303 1102 quovis
325 1042 421 1101 paene
445 1024 595 1100 epitomae
618 1025 776 1085 enuntiato
798 1024 989 1102 perspicitur.
1020 1045 1091 1084 nam

74 1119 200 1193 praeter
229 1112 427 1190 paucissimae
459 1132 560 1190 omnes
592 1132 640 1173 res
673 1114 711 1173 ab
742 1115 796 1174 illo
832 1117 933 1192 gestas
965 1116 1090 1174 summis

76 1202 220 1264 laudibus
235 1201 359 1264 ,extollit
382 1204 514 1279 atquae
537 1202 590 1262 alii
612 1203 726 1278 prolixe
749 1206 947 1264 narraverant
968 1204 1000 1261 in
1025 1203 1091 1263 bre·

75 1292 146 1353 vius
174 1291 335 1351 contrahit.
381 1290 435 1350 sed
466 1309 628 1367 puerorum
656 1292 687 1350 in
714 1310 804 1351 usum
833 1311 902 1352 eum
929 1292 1091 1369 scripsisse,

77 1379 257 1461 etquidem
279 1379 451 1457 opinantur,
473 1380 555 1439 haud
579 1379 764 1458 crediderim,
788 1399 856 1440 cum
876 1399 1091 1457 saepenumero

79 1468 257 1549 gravissima
288 1469 370 1528 facta
402 1470 434 1527 et
465 1468 621 1529 hominum
651 1469 846 1546 locorumque
879 1471 1001 1530 nomina
1031 1489 1092 1529 me-

80 1559 175 1619 moria
198 1557 376 1636 dignissima
402 1558 547 1633 tacuerit,
574 1558 606 1617 in
633 1557 670 1618 iia
701 1577 772 1619 vero
796 1576 872 1634 quae
896 1558 1032 1619 artificiis
1055 1578 1091 1618 ex

80 1647 235 1707 rhetorum
264 1645 424 1722 disciplina
447 1646 552 1722 petitis
576 1648 712 1707 exornari
734 1650 875 1723 poterant
898 1648 1014 1708 diutius
1036 1649 1091 1706 im-

81 1739 221 1796 moretur.
267 1736 426 1812 praeterea
449 1734 561 1795 alicubi
585 1755 654 1795 eum
677 1740 781 1797 contra
803 1739 975 1815 temporum
997 1737 1090 1798 ratio·

81 1843 146 1884 nem
178 1827 211 1883 et
239 1822 330 1882 fidem
362 1822 537 1883 historicam
563 1825 733 1900 peccavisse
761 1831 868 1887 notum
896 1831 950 1887 est.
997 1846 1090 1905 quare

81 1912 268 1990 probabilius
291 1911 413 1972 videtur
435 1930 505 1972 eum
527 1912 698 1974 hominibus
721 1916 774 1992 qui
795 1935 844 1976 res
863 1917 1011 1976 Romanas
1030 1917 1091 1975 iam

81 2002 201 2063 aliunde
242 2004 446 2078 cognoverant
482 2001 635 2080 scripsisse
672 2003 860 2081 maximeque
898 2006 936 2064 iis
969 2005 1022 2082 qui
1054 2005 1090 2064 de

80 2091 171 2152 rebus
199 2109 219 2150 a
240 2090 355 2167 populo
386 2107 440 2150 suo
464 2091 617 2166 praeclare
641 2091 735 2168 gestis
759 2092 990 2152 declamationes
1014 2112 1092 2153 com·

80 2170 274 2259 ponebant1).
314 2178 465 2239 immerito
488 2182 591 2239 autem
613 2198 632 2238 a
654 2179 759 2238 multis
781 2180 851 2238 inde
874 2198 892 2238 a
916 2179 946 2241 O.
967 2181 1091 2259 Sigonio

80 2268 116 2329 Δ.
138 2269 275 2344 Ruperto
302 2265 381 2329 Lu.
401 2265 529 2330 Graevio
562 2267 722 2345 opprobrio
750 2267 779 2325 ei
806 2267 896 2326 datur
923 2268 1003 2344 quod
1031 2287 1091 2328 non

81 2357 156 2419 eatis
179 2359 319 2416 accurate
342 2357 425 2416 facta
447 2356 607 2417 tradiderit
630 2358 661 2415 et
680 2356 798 2432 aliquot
816 2374 931 2416 errores
949 2357 1091 2434 gravissi·

79 2464 144 2507 mos
172 2436 395 2525 commiserit2).
442 2446 581 2506 dubitare
615 2445 695 2505 enim
723 2445 795 2504 licet
824 2462 862 2503 an
890 2445 954 2519 ipse
982 2444 1091 2504 Florus

153 2599 180 2666 1)
195 2594 230 2650 cf.
240 2594 384 2665 pXXVIl.
399 2612 433 2651 en
448 2596 569 2651 Senecae
582 2596 671 2667 patris
687 2595 819 2653 suasoriis
835 2598 914 2651 sexta
929 2598 957 2649 et
971 2596 1092 2666 septima

82 2668 120 2723 ad
137 2665 288 2722 historiam
305 2666 460 2721 Romanam
478 2667 636 2737 pertinent,
656 2685 690 2722 ex
703 2666 962 2723 <declamationibus
981 2666 1092 2732 Quinti-

79 2738 183 2794 lianeis
200 2736 356 2793 maioribus
374 2737 460 2792 tertia
479 2739 633 2808 eademque
652 2755 686 2793 er
705 2738 908 2811 Calpurnianis.

152 2812 180 2877 2)
202 2809 302 2863 horum
324 2807 460 2879 virorum
489 2809 538 2878 qui
561 2808 698 2880 imprimis
722 2809 752 2864 id
776 2811 900 2880 agebant
923 2811 956 2864 ut
978 2809 1091 2865 Florum

80 2880 111 2937 in
134 2879 240 2936 scholis
264 2878 425 2949 lectitatum
447 2896 463 2935 e
486 2879 687 2951 discipulorum
708 2881 839 2935 manibus
858 2883 1033 2950 excuterent,
1057 2881 1092 2934 de

80 2952 130 3007 illo
156 2950 264 3006 iudicia
282 2951 410 3005 Dukerus
433 2950 464 3005 in
488 2952 664 3021 praefatione
683 2951 815 3007 editionis
835 2952 958 3022 collegit.
996 2968 1030 3006 ex
1049 2968 1091 3006 re-

81 3022 254 3079 centioribus
291 3021 471 3077 acerbissime
508 3039 572 3077 eum
603 3022 834 3092 vituperaverunt
865 3024 895 3078 L.
924 3023 942 3078 S
979 3021 1089 3092 agelius

83 3093 324 3163 ‘Abhandlungen
357 3093 407 3147 der
437 3093 623 3163 baverischen
649 3093 816 3150 Ahademie'
851 3095 927 3149 XXX
999 3095 1090 3216 51861)

132 3170 186 3219 319
200 3181 241 3232 sq.
274 3168 303 3219 et
333 3165 355 3220 Ι.
373 3164 507 3234 Reberus,
543 3165 604 3220 ‘das
633 3165 875 3221 Geschichtswerk
902 3167 951 3221 des
979 3164 1089 3219 Forus’

81 3182 229 3317 drisingae
243 3241 320 3290 1866.
345 3237 441 3318 atque¹
450 3237 521 3292 adeo
536 3236 567 3290 G.
582 3235 673 3305 Bima,
695 3236 781 3318 ‘bloi-i
794 3236 923 3318 historici
935 3235 981 3291 vel
995 3234 1089 3317 potius

83 3308 203 3364 rhetoris
230 3307 348 3363 devoro
366 3324 480 3362 nomme
499 3309 593 3362 aetate
610 3325 668 3376 qua
686 3310 789 3362 v1xent
807 3307 930 3376 scnptrs'
950 3306 1090 3376 (Lutetiae

83 3378 254 3434 Parisiorum
278 3381 357 3448 1876)
379 3397 406 3448 p.
428 3385 460 3433 76
485 3379 519 3432 de
543 3394 575 3432 eo
598 3378 669 3432 haec
690 3377 898 3462 pronuntiavit:
934 3379 1091 3462 scriptorem

83 3451 884 3578 miiitidttwttbitbdtitbffi
898 3466 1033 3578 zttt.''⁶'⁶
1051 3451 1091 3505 '¹²'

135 3621 221 3661 Florus
235 3620 270 3661 ed.
286 3619 310 3660 0.
325 3619 480 3660 Rossbach.
863 3609 884 3664 d
