2386 3922
443 164 469 235 1,
489 169 531 221 rc.
552 169 584 219 rr
604 166 738 233 (er-ar).
1059 164 1101 228 39

95 347 145 406 que
168 338 316 392 certatum
338 338 398 414 est,
423 332 497 392 adeo
521 338 555 392 nt
577 330 690 391 relictis
711 324 835 392 ¹sedibus
859 331 1050 392 solitudinem
1073 338 1103 390 et

96 419 243 480 interitum
265 423 380 499 patriae
404 439 474 481 suae
498 422 670 481 minaretur.

154 507 252 568 Prima
281 509 430 570 discordia
459 507 497 570 ob
520 511 714 588 inpotentiam
739 510 947 571 feneratorum.
994 509 1102 587 quibus
1113 502 1155 564 23

95 596 122 653 in
143 603 226 676 terga
246 616 366 678 quoque
385 597 533 659 serviliter
552 598 761 678 saevientibus,
785 601 815 657 in
835 617 953 659 sacrum
973 606 1101 657 montem

76 683 172 761 splebs
201 694 315 748 armata
343 688 468 747 secessit
497 705 657 767 aegreque,
685 706 740 747 nec
769 689 827 746 nisi
852 687 986 747 tribunos
1011 689 1103 764 impe-

95 778 205 855 trasset,
228 774 348 836 Meneni
366 776 521 855 Agrippae,
545 776 664 836 facundi
683 784 713 836 et
731 778 873 854 sapientis
894 777 958 854 riri,
977 777 1103 834 auctori-

95 867 149 922 tate
179 871 318 925 revocata
350 871 405 925 est.
451 871 531 924 extat
564 867 706 925 orationis
734 866 871 941 antiquae
900 866 972 923 satis
999 864 1138 923 edicere

97 949 128 1009 ad
153 952 344 1013 concordiam
372 952 483 1032 tabula,
512 972 570 1031 qua
597 954 758 1013 dissedisse
788 953 936 1031 qnondam
959 953 1103 1013 humanos

97 1037 164 1099 dixit
187 1047 282 1122 artus,
301 1041 384 1123 'quod
408 1041 546 1102 omnibus
571 1060 659 1120 opere
685 1041 876 1120 iungentibus
901 1041 982 1102 solus
1001 1049 1104 1101 venter

74 1128 223 1189 ninmnnis
246 1137 360 1210 ageret,
384 1131 491 1191 deiude
514 1130 709 1191 moribundos
733 1149 767 1190 ea
787 1133 971 1191 seiunctione
990 1130 1104 1189 redisse

98 1217 125 1276 iu
150 1219 290 1299 gratiam,
319 1219 436 1298 quando
465 1221 631 1279 sensissent
659 1219 736 1297 quod
766 1222 830 1279 eius
859 1238 949 1298 opera
977 1218 1104 1278 redactis

98 1306 125 1364 in
146 1309 323 1386 sanguinem
345 1307 421 1368 cibis
445 1310 655 1386 inrigarentur.

159 1395 327 1456 Secundam
360 1398 392 1456 in
424 1396 498 1457 urbe
531 1397 629 1457 media
663 1397 879 1456 decemviratus
912 1395 1002 1454 libido
1036 1412 1103 1454 con-
1116 1390 1159 1452 24

100 1480 179 1543 llarit.
218 1484 320 1545 allatas
338 1504 354 1545 a
369 1484 492 1545 Graecia
511 1485 591 1563 leges
613 1485 716 1546 decem
735 1488 885 1564 principes
900 1485 969 1544 loeti
984 1482 1104 1543 iubente

73 1571 201 1648 npopulo
231 1576 483 1654 conscripserant,
511 1574 705 1652 ordinataque
733 1582 796 1634 erat
824 1577 854 1633 in
883 1572 1039 1634 duodecim
1062 1579 1104 1631 ta-

100 1656 171 1720 bulis
190 1667 254 1721 tota
272 1664 394 1744 iustitia,
413 1682 481 1723 cum
499 1670 599 1723 tamen
618 1663 742 1724 traditos
763 1663 857 1723 fasces
877 1664 958 1740 regio
979 1661 1106 1739 (prodam

100 1746 193 1809 lurore
213 1750 389 1812 retinebant.
422 1759 490 1812 ante
509 1759 625 1821 ceteros
639 1752 751 1831 Appius
772 1771 806 1812 co
822 1751 995 1812 insolentiae
1011 1750 1105 1810 elatus
1125 1763 1140 1810 2

100 1844 140 1896 cst
171 1846 205 1898 nt
237 1841 396 1916 ingenuam
424 1842 568 1918 virginem
598 1849 702 1920 stupro
731 1841 906 1920 destinaret,
939 1839 1048 1900 oblitus
1077 1847 1106 1899 et

98 1922 249 1986 Lucretiae
269 1935 300 1988 et
317 1946 421 2005 regum
441 1936 470 1989 et
489 1931 563 1989 iuris
583 1931 662 2009 qnod
681 1931 745 2009 ipse
765 1936 970 2008 conposuerat.
1005 1931 1105 2006 itaque
1125 1941 1140 1989 3

68 2030 160 2073 neum
189 2033 363 2095 oppressam
390 2018 500 2078 iudicio
528 2017 618 2077 liliam
641 2019 719 2079 trahi
742 2021 773 2078 in
797 2021 970 2078 servitutem
993 2017 1105 2077 rideret

99 2101 245 2181 Virginius
273 2112 370 2185 pater,
399 2104 473 2165 nibil
497 2114 651 2167 cunctatus
676 2110 706 2166 in
730 2107 829 2167 medio
853 2107 917 2166 loro
940 2125 1030 2166 manu
1054 2124 1106 2164 sua

97 2192 255 2272 interiecit,
278 2194 463 2273 admotisque
487 2197 580 2273 signis
604 2194 840 2255 commilitonum
860 2202 952 2254 totam
972 2213 1036 2254 cam
1055 2194 1106 2253 do-

96 2282 286 2342 minationem
319 2281 471 2343 obsessam
503 2287 593 2344 armis
623 2286 654 2344 in
682 2301 834 2343 carcerem
867 2289 896 2341 et
923 2290 1042 2341 catenas
1070 2281 1106 2341 ab

96 2370 237 2430 Aventino
261 2378 362 2431 monte
386 2371 521 2432 detraxit.

164 2540 359 2609 3inpotentia
378 2544 406 2615 Β
428 2543 464 2596 ab
483 2543 641 2612 inpotentia
655 2544 787 2598 Halmius
810 2544 818 2610 ΙΙ
842 2541 956 2611 bpleps
972 2541 1003 2595 N
1026 2543 1030 2610 1
1056 2539 1107 2593 im-

96 2612 233 2678 petrasset
251 2614 345 2681 (priris
364 2616 393 2668 et
410 2630 497 2683 supro
515 2633 621 2670 emaum
639 2633 673 2670 m.
693 2619 720 2682 1)
740 2615 774 2669 N
788 2615 798 2683 (l
819 2619 834 2666 6
853 2612 984 2681 menegni
1003 2613 1029 2667 L
1045 2616 1049 2683 (
1065 2614 1107 2666 fa-

96 2682 186 2735 cunda
204 2683 232 2735 Β
254 2687 264 2752 (l
287 2692 302 2739 t
323 2684 456 2756 exstatlto
475 2685 592 2739 rationis
613 2688 732 2755 (tertium
750 2688 763 2740 t
781 2688 918 2754 expunxit
935 2693 960 2741 et
980 2701 996 2739 ο
1015 2703 1076 2741 eain
1094 2703 1107 2738 r

96 2755 291 2808 coniunctim.
309 2759 336 2822 2,
355 2763 387 2811 ot
405 2757 523 2825 radetur)
541 2756 575 2810 N
593 2760 602 2826 ΙΙ
626 2761 642 2810 8
662 2757 752 2811 adcon
775 2757 954 2812 concordiam
972 2757 1006 2812 N
1027 2762 1031 2824 (
1056 2757 1107 2810 hu-

95 2839 177 2877 mano
195 2826 221 2893 (s
240 2826 303 2880 add.
323 2844 357 2880 m.
378 2828 405 2895 1)
424 2827 472 2895 Β)
488 2826 592 2882 intersa
612 2835 674 2883 onte
693 2829 836 2896 quondam
854 2831 918 2884 add.
940 2831 962 2882 (J
982 2838 991 2889 (l
1010 2836 1025 2882 9
1045 2828 1107 2881 fun-

95 2895 226 2962 gentibus
246 2897 339 2965 (prior
352 2915 372 2949 n
386 2906 507 2953 correcta
521 2917 555 2954 eie
569 2901 593 2970 r)
606 2900 634 2952 Β
648 2902 657 2966 (l
672 2905 705 2952 10
720 2899 852 2953 immunis
869 2901 892 2955 0
904 2901 909 2981 )
925 2899 1107 2953 moribundos

95 2968 243 3034 (posterior
261 2983 277 3020 o
296 2975 417 3023 correcto
434 2986 468 3023 ec
486 2972 514 3039 11)
528 2972 556 3024 Β
572 2971 577 3039 (
594 2986 627 3024 aa
639 2969 832 3040 seiunctione]
852 2969 1044 3024 ssemnctione
1066 2967 1108 3037 0))

96 3041 128 3089 13
147 3036 354 3091 decemiuratus
373 3039 423 3106 L(
438 3045 472 3093 14
490 3040 594 3095 aHatas
613 3043 706 3111 (prior
723 3040 734 3094 l
752 3058 839 3111 supro
856 3058 962 3096 eorsum
980 3056 1013 3092 oa.
1034 3039 1061 3101 1)
1080 3037 1108 3088 Β

95 3107 184 3161 allata
200 3108 250 3175 L(
265 3112 298 3161 te
318 3109 541 3180 conscripserant
559 3115 747 3181 (posteriorem
765 3129 778 3165 s
797 3113 894 3166 cleteoit
912 3128 946 3164 tn.
962 3112 989 3174 1)
1008 3108 1036 3160 Β
1049 3108 1106 3186 (16

95 3194 157 3232 cum
175 3181 207 3232 iri
226 3196 312 3246 quum
329 3185 446 3238 metavit
464 3184 505 3236 B1
528 3186 532 3253 (
555 3183 683 3238 traditor.
703 3184 730 3237 L
752 3187 762 3250 ((
786 3187 817 3237 17
838 3180 937 3250 appios
956 3181 988 3233 iri
1006 3193 1107 3247 appius

94 3252 212 3305 correxit
225 3251 253 3303 B
269 3253 273 3320 (
289 3249 457 3308 insolentiae
477 3257 663 3323 (posteriorem
682 3271 696 3308 e
715 3255 799 3309 erosit
812 3270 846 3307 m.
861 3254 889 3320 1)
904 3252 932 3304 Β
945 3252 954 3319 ((
969 3254 1001 3302 18
1022 3247 1107 3302 clitus

94 3324 117 3390 (s
135 3338 223 3390 supra
239 3325 357 3392 casana)
374 3325 401 3378 Β
418 3326 423 3393 Ι
438 3341 535 3394 regum
555 3328 578 3393 (r
594 3327 627 3379 ia
645 3325 656 3378 l
673 3327 791 3381 rootaoit
807 3340 842 3377 ot.
862 3324 889 3391 1)
908 3323 935 3375 Β
953 3323 962 3386 Ι)
981 3324 1014 3372 19
1034 3335 1107 3372 com-

92 3393 227 3462 posuerat
244 3392 272 3445 L
293 3397 303 3461 Ι)
325 3399 360 3448 20
383 3412 447 3448 eum
469 3399 501 3449 in
523 3413 610 3462 quum
632 3398 749 3452 mutarit
767 3395 808 3448 B¹
833 3398 838 3460 (
862 3391 965 3445 mirahi
983 3393 1014 3445 iit
1032 3390 1108 3444 trahi

92 3465 212 3519 correxit
229 3464 277 3518 N‘
295 3469 304 3533 [Ι
323 3470 355 3518 21
376 3465 495 3536 uirginis
514 3467 541 3518 L
557 3469 560 3534 (
576 3482 662 3520 manu
681 3470 756 3536 (post
775 3482 793 3518 u
812 3481 891 3518 eroso
910 3470 948 3518 est
967 3465 989 3533 s)
1008 3464 1035 3517 B
1049 3467 1058 3531 ))
1073 3468 1107 3516 23

92 3537 208 3590 catenas
228 3536 375 3604 (posterior
393 3553 411 3590 a
429 3544 550 3593 correcto
567 3555 601 3591 ex
619 3537 639 3606 i)
658 3540 685 3591 L
