2386 3922
134 175 187 238 58-
498 174 608 226 FLORI
625 174 787 237 nemone
819 208 822 213 -
861 234 863 239 ¹
955 185 961 194 '

79 359 115 405 36
201 340 235 400 ln
253 337 424 416 Hispaniam
448 339 533 396 missi
552 335 669 397 Gnaeus
690 344 721 398 et
737 336 860 397 Publius
879 337 1037 417 Scipiones
1056 356 1146 418 paene

135 435 227 488 totam
263 427 370 486 Poenis
408 428 592 504 eripuerant,
630 425 682 485 sed
719 426 836 486 insidiis
867 425 999 487 Punicae
1036 424 1146 488 fraudis

134 517 270 595 oppressi
302 533 423 575 rursum
455 516 627 593 amiserant,
659 516 775 592 magnis
803 514 926 592 quidem
953 513 999 574 illi
1026 514 1144 594 proeliis
1180 582 1183 591 .

134 622 202 665 cum
228 603 355 663 Punicas
385 620 457 681 opes
485 601 672 662 cecidissent.
723 608 769 662 set
795 601 923 663 Punicae
952 602 1079 663 insidiae
1106 602 1143 664 al·
1179 660 1183 673 ,

35 685 43 716 ’·
96 710 99 714 ·
134 701 232 753 terum
260 692 339 752 lerro
368 698 465 751 castra
492 697 667 770 metantem,
694 689 834 769 alterum,
849 696 925 751 -oum
949 693 1094 752 evasisset
1113 693 1142 751 in
1158 688 1183 779 11

78 798 114 846 31
134 790 256 860 turrem,
280 781 411 840 cinctum
434 777 548 839 facibus
572 785 792 856 oppresserunt.
834 780 925 857 igitur
948 781 979 839 in
1003 779 1143 851 ultionem
1180 828 1183 849 .

45 918 53 931 .
78 885 114 934 38
133 871 227 948 patris
260 886 294 928 ao
325 868 434 946 patrui·
455 868 565 926 missus
598 884 666 926 cum
697 868 832 927 exercitu
858 866 974 948 Scipio,
1007 870 1057 928 cui
1088 870 1143 928 iam
1178 888 1183 929 ·.

134 957 244 1034 grande
264 956 414 1029 doninica
432 973 541 1015 nomen
560 954 618 1015 lata
636 955 839 1035 decreverant,
856 954 1047 1016 bellatricem
1058 956 1143 1035 illam,

132 1047 367 1122 virisarmisqne
383 1041 513 1103 nobilem
527 1041 707 1124 Hispaniam,
727 1041 807 1102 illam
821 1045 1017 1104 seminarium
1030 1043 1144 1106 hostilis

132 1135 291 1212 exercitus,
314 1131 416 1211 pusilli
439 1130 519 1191 illam
543 1133 601 1189 iarn
624 1129 797 1191 Hannibalis
820 1131 1015 1192 eruditricem
1037 1167 1079 1176 -
1102 1128 1183 1192 ira-ai

32 1232 34 1237 ’
132 1220 275 1282 credibile
308 1220 389 1280 dictu
413 1226 570 1278 -totam
602 1237 618 1278 a
645 1219 804 1298 Pyrenaeis
832 1219 984 1280 montibus
1012 1223 1046 1281 in
1072 1220 1144 1281 Her-

132 1309 208 1371 culis
230 1308 383 1369 columnas
407 1316 436 1368 et
459 1307 608 1391 Oceanum
632 1309 832 1387 recuperarit,
855 1310 971 1368 nescias
995 1308 1086 1370 citius
1109 1327 1146 1369 an

77 1414 112 1462 39
134 1396 258 1458 felicius,
304 1415 392 1475 qnam
424 1394 577 1474 velociter,
610 1401 749 1473 quattuor
780 1397 851 1456 anni
876 1396 1025 1477 fatentur,
1058 1415 1146 1476 quam

133 1485 227 1564 facile,
249 1483 296 1544 vel
318 1503 377 1545 una
401 1486 503 1544 civitas
526 1483 639 1562 probat
677 1483 782 1543 codem
806 1485 916 1563 quippe
940 1503 998 1563 quo
1024 1484 1146 1546 obsessa

101 1618 102 1622 ,
133 1582 178 1634 est
201 1574 249 1648 die
273 1581 357 1652 capta
381 1579 440 1654 est,
466 1590 611 1650 omenque
635 1571 788 1633 Africanae
812 1570 952 1633 victoriae
975 1573 1043 1652 luit,
1067 1573 1144 1652 quod
1157 1580 1179 1625 1⁸

77 1678 113 1726 40
132 1669 192 1721 tam
213 1660 298 1720 facile
317 1663 393 1720 victa
412 1668 458 1720 est
476 1659 636 1739 Hispaniae
656 1659 809 1738 Carthago⁴
846 1667 963 1720 certum
980 1668 1028 1721 est
1046 1668 1145 1722 tamen

132 1750 168 1808 ad
191 1748 405 1827 profligandam
428 1750 611 1826 provinciam
631 1738 761 1809 'maxime
779 1747 943 1826 proiecisse
963 1749 1145 1827 singularem

132 1837 217 1896 ducis
241 1837 435 1909 sanctitatem.
477 1837 586 1914 quippe
610 1838 661 1915 qui
685 1838 815 1915 captivos
838 1854 948 1915 pueros
971 1837 1145 1916 puellasque

131 1914 307 2003 praecipuae
335 1921 565 2001 pulchritudinis
591 1923 725 1984 barbaris
753 1926 932 2005 restituerit,
954 1943 996 1985 ne
1019 1927 1052 2008 in
1077 1944 1144 1989 con-

47 2034 50 2040 ·
133 2019 266 2090 spectum
291 2011 411 2089 quidem
435 2029 522 2071 suum
545 2030 651 2090 passus
674 2012 789 2092 adduci,
815 2031 852 2073 ne
877 2011 948 2090 quid
967 2013 1003 2073 da
1023 2016 1178 2094 virgini-¹·

131 2102 200 2160 tatis
223 2102 391 2178 integritate
415 2099 560 2160 delibasse
586 2099 690 2160 saltem
713 2100 758 2160 vel
781 2100 875 2161 oculis
897 2100 1060 2163 videretur.
1161 2115 1165 2123 '

156 2260 159 2265 '
202 2254 224 2306 I
225 2254 254 2306 ’1
276 2251 471 2321 Inhispaniam
489 2252 519 2320 (h
537 2269 597 2321 sup.
617 2253 695 2319 cers.)
714 2253 742 2305 B
764 2255 769 2322 Ι
794 2251 923 2322 spaniam
941 2253 979 2321 ΙΙ
995 2268 1064 2308 uero
1083 2259 1142 2310 aaa

55 2341 60 2351 ·
130 2322 210 2376 missi
225 2325 288 2378 odd.
303 2326 324 2377 I
336 2326 340 2393 Ι
356 2322 436 2375 missi
450 2324 597 2391 (posterior
611 2338 623 2374 s
638 2339 698 2392 cop.
712 2339 788 2391 vere,-
801 2324 849 2378 aad
861 2324 951 2394 noea)
964 2324 993 2377 Β
1009 2327 1013 2393 Ι
1029 2340 1141 2394 gnerus

131 2396 159 2462 (r
177 2411 236 2464 sap.
255 2411 321 2450 ocra.
340 2412 375 2447 m.
395 2396 422 2462 1)
441 2393 491 2465 Nl
509 2391 596 2461 scipio
607 2423 619 2442 ·.
633 2409 711 2462 spem
728 2395 819 2447 totam
838 2394 864 2446 L
877 2397 916 2460 112
935 2393 1100 2464 eripuerunt
1116 2394 1141 2450 Β

130 2463 525 2602 arremarenses}
536 2463 725 2590 illitati
737 2463 913 2594 'circata
925 2465 1142 2607 {tillim

131 2606 274 2659 Goertaios
289 2607 294 2671 1
310 2602 430 2656 alterum
445 2606 502 2672 (um
516 2553 710 2660 ’correctompcc
724 2609 751 2675 o)
761 2605 788 2658 L
801 2607 810 2674 ΙΙ
824 2611 841 2657 b
854 2605 912 2659 uim
922 2613 988 2674 post
1001 2623 1067 2661 cum
1081 2607 1138 2663 odd.

74 2708 81 2722 .
130 2675 158 2727 Β
176 2672 234 2731 iam
249 2674 381 2728 Halmius
394 2673 462 2728 vix?
478 2676 482 2743 Ι
498 2674 656 2729 euasissent
674 2677 703 2743 (n
721 2677 858 2745 expunxit
872 2695 905 2731 m.
920 2679 947 2745 1)
961 2676 997 2729 N
1006 2677 1140 2733 euasisset

130 2744 151 2813 (i
169 2755 254 2813 supra
272 2746 388 2812 oeream)
408 2745 434 2797 L
454 2748 458 2815 Ι
478 2745 655 2815 ἰῃ1υηεω’(1
673 2753 793 2801 correcta
810 2763 844 2801 ea·
862 2763 877 2800 o
895 2763 929 2801 m.
944 2749 971 2813 1)
986 2748 1015 2803 Β
1032 2753 1043 2816 ss
1061 2757 1077 2803 6
1096 2765 1139 2818 op
1176 2764 1180 2773 ·

111 2816 291 2883 presserant
309 2817 338 2883 (n
358 2831 417 2883 sup.
437 2819 513 2886 cers.)
532 2817 560 2870 Β
582 2818 592 2885 ll
615 2821 630 2868 7
648 2816 756 2888 patrui]
775 2819 888 2898 patrum
906 2817 959 2885 Bl
979 2819 1042 2871 tam
1063 2820 1139 2889 018
1162 2836 1167 2847 ’

97 2892 110 2912 ·
129 2901 232 2940 nomen
250 2885 285 2939 de
304 2884 393 2939 africa
412 2887 434 2938 I
447 2890 455 2954 ΙΙ
474 2893 489 2940 9
506 2886 639 2955 'spaniam
656 2889 678 2941 I
680 2883 697 2956 Ἰ
721 2886 901 2941 semmarivm
919 2890 977 2956 (vm
995 2897 1139 2946 correctum

96 2967 100 2978 “
129 2975 163 3011 ear
182 2960 237 3027 am)
256 2957 283 3010 L
296 2958 305 3023 ΙΙ
324 2961 358 3008 10
376 2955 474 3025 pusilli
491 2956 549 3010 iam
567 2957 595 3010 Β
612 2955 693 3010 illam
713 2958 742 3029 (1Ι
751 2956 832 3013 illam
850 2957 909 3012 iam
926 2959 964 3026 ΙΙ
979 2958 1138 3015 hannibalis

70 3055 72 3058 ·
130 3029 381 3097 (postera'oauaop¹
396 3043 462 3081 ocra.
478 3027 593 3095 m.1)N
605 3027 783 3082 annianisB
796 3030 806 3097 l!
821 3034 853 3082 11
869 3027 1012 3085 autumo
1024 3034 1029 3098 Ι
1046 3047 1138 3101 epyro
1166 3069 1169 3073 -

129 3097 189 3152 neis
204 3099 238 3152 N
248 3097 389 3167 apyrineis
403 3097 432 3150 A
445 3096 578 3166 epirineis
593 3098 620 3150 L
635 3099 639 3166 Ι
656 3097 808 3153 inherculis
823 3099 953 3168 (bsaapro
965 3104 1084 3171 omum)
1093 3102 1120 3156 B
1130 3100 1138 3167 11

130 3175 163 3222 12
183 3171 223 3240 et]
242 3168 273 3221 in
291 3170 380 3238 11114
397 3165 513 3234 quidem
531 3184 586 3236 quo
605 3169 642 3237 ΙΙ
658 3185 774 3238 opsessa
792 3169 816 3224 0
826 3172 835 3239 11
850 3175 883 3223 11
901 3169 1001 3224 eodem
1017 3179 1082 3240 post
1099 3170 1143 3226 eal
1172 3198 1181 3213 a

128 3241 192 3295 add.
211 3241 248 3307 ΙΙ
264 3253 421 3306 nomenque
439 3238 467 3292 B
490 3253 656 3306 omnemque
674 3240 727 3293 LI
740 3241 798 3308 1116
817 3239 945 3309 hispana.
960 3241 995 3294 N
1010 3241 1138 3313 hispania

127 3311 312 3379 (posteriorem
324 3308 336 3361 i
349 3324 469 3378 capuae.
484 3325 518 3362 oa.
531 3311 556 3377 1)
567 3309 594 3361 L
608 3309 724 3378 spaniae
738 3312 760 3364 I
771 3313 775 3380 Ι
792 3310 977 3380 careamhago
992 3314 1139 3382 (posterior

128 3396 177 3433 oar
194 3396 315 3449 erpone.
334 3397 368 3433 oa.
388 3379 416 3447 1)
434 3378 468 3432 N
481 3380 490 3445 11
509 3383 544 3431 11
561 3379 704 3447 proficisse
724 3381 793 3447 LIl
809 3381 976 3451 singulare*
996 3385 1087 3452 (maan
1103 3401 1136 3449 m,
1170 3398 1173 3403 ·

62 3506 66 3513 ,
83 3507 89 3519 ,
127 3456 159 3504 ut
176 3452 294 3520 videtur)
313 3451 412 3518 Bp19
430 3447 587 3503 restituerit
607 3450 653 3505 01
666 3454 729 3519 110
747 3464 828 3520 suum
840 3452 962 3524 ¹quidem
979 3453 1007 3508 A
1024 3458 1028 3524 Ι
1043 3453 1137 3523 nequit

127 3520 155 3573 Β
173 3520 272 3588 nequit
294 3522 317 3588 (1
339 3521 372 3574 ira
390 3520 409 3572 d
427 3521 544 3576 enotavit
560 3538 594 3574 m.
613 3522 643 3589 2)
663 3522 697 3577 N
715 3526 725 3592 1
748 3528 779 3575 21
801 3521 942 3578 delibasse
961 3527 1107 3594 (posterior
1115 3539 1136 3576 ,ο
1155 3593 1158 3599 Ι
