2386 3922
450 153 493 204 es.
512 155 547 204 co
566 149 627 218 (ΠΙ,
646 153 735 220 4-5).
1031 152 1074 216 95

59 334 113 395 per
144 314 294 395 perfidum
327 312 420 392 glacie
453 315 564 376 llumen
592 318 749 395 equitatur.
795 316 882 377 Volso
910 317 1109 398 Rhodopeue

61 403 283 482 Caucasumque
315 405 489 481 penetrarit.
536 403 626 464 Curio
658 404 746 464 Dacia
778 411 866 465 tenus
893 409 988 488 venit,
1021 407 1073 468 sed

62 492 197 553 tenebras
221 490 352 552 saltuum
374 494 499 571 expavit.
535 492 648 572 Appius
671 495 703 553 in
723 493 872 554 Sarmatas
892 513 987 573 usque
1006 515 1073 574 pcr-

63 583 153 662 renit,
182 578 326 641 Lucullus
359 580 395 641 ad
427 583 589 641 terminum
616 583 750 660 gentium
778 581 890 642 Tanain
918 582 1073 662 lacumque

45 668 196 730 stamen.
242 686 299 729 neo
323 668 410 730 aliter
433 671 636 731 cruentissimi
659 670 790 731 hostium
814 689 902 750 quam
925 674 988 731 suis
1011 684 1108 731 mor

66 756 143 819 ribus
170 757 284 818 domiti.
331 760 441 837 quippe
470 761 502 819 in
525 761 656 838 captivos
680 761 743 838 igni
766 760 905 838 ferroque
929 762 1074 820 saevitum

68 853 118 927 est3
150 845 202 906 sed
234 845 311 905 nihil
342 844 478 906 barbaris
511 849 641 907 atrocius
672 850 770 908 visum
802 855 847 908 est
879 866 967 927 quam
994 849 1073 927 quod

69 932 184 995 abscisis
215 933 354 995 manibus
386 934 484 995 relicti
515 938 616 996 vivere
649 938 826 1015 superstites
858 955 971 1015 poenae
1003 956 1072 996 suae

69 1022 247 1085 iubebantur.

281 1234 340 1295 XL.
373 1233 522 1295 BELLVM
545 1235 851 1297 MITHRIDATICVM.

125 1377 264 1439 Ponticae
293 1385 399 1457 gentes
423 1396 439 1438 a
463 1381 665 1457 septentrione
689 1382 721 1439 in
745 1381 900 1438 sinistrum
924 1380 1034 1458 iacent,
1057 1375 1167 1460 a111,5

71 1462 180 1527 Pontico
195 1468 419 1545 cognominatae
433 1469 517 1526 mari.
545 1467 651 1527 harum
666 1469 799 1546 gentium
815 1474 903 1544 atque
917 1469 1074 1544 regionum

72 1570 115 1615 rex
136 1556 362 1634 antiquissimus
385 1555 501 1635 Aeetas,
523 1563 592 1633 post
609 1556 776 1636 Artabazes,
800 1575 816 1615 a
840 1562 954 1634 septem
972 1554 1074 1614 Persis

72 1643 213 1725 oriundus,
231 1643 301 1703 inde
315 1642 512 1723 Mithridates,
526 1646 660 1704 omnium
674 1645 759 1723 longe
775 1646 929 1705 maximus.
963 1645 1073 1721 quippe
1093 1658 1108 1704 2

52 1724 128 1791 'run
154 1738 296 1811 quattuor
318 1731 446 1813 Pyrrho,
474 1733 711 1810 quattuordecim
740 1736 810 1793 anni
832 1732 991 1794 Hannibali
1014 1731 1074 1791 sui-

72 1816 198 1902 lecerint,
220 1820 271 1881 ille
294 1838 349 1899 per
373 1820 569 1899 quadraginta
591 1840 684 1881 annos
708 1824 832 1903 restitit,
859 1822 953 1882 donec
977 1819 1074 1881 tribus

71 1907 230 1986 ingentibus
252 1908 340 1969 bellis
364 1908 504 1970 subactus
527 1908 670 1970 felicitate
692 1910 797 1991 Syllae,
819 1913 928 1971 virtute
948 1908 1074 1990 Luculli,

70 1998 262 2077 magnitudine
283 1997 406 2076 Pompei
430 2005 665 2059 consumeretru.
708 2018 827 2060 causam
850 2000 970 2077 quidem
993 1997 1073 2058 illius
1093 2012 1109 2060 3

68 2080 131 2147 belli
155 2086 365 2167 praetenderat
392 2094 463 2165 aput
491 2086 626 2147 Cassium
654 2087 796 2167 legatum,
827 2087 987 2146 adtrectari
1015 2094 1074 2146 ter-

66 2176 155 2237 minos
183 2193 254 2237 suos
282 2194 299 2235 a
325 2174 486 2236 Nicomede
515 2175 655 2256 Bithyn03
683 2183 816 2235 ceterum
844 2174 938 2233 elatus
967 2176 1075 2234 annuis

67 2262 232 2343 ingentibus
255 2263 341 2324 Asiae
369 2266 462 2324 totius
486 2271 529 2346 et,
558 2267 584 2325 si
607 2270 724 2344 posset,
751 2262 886 2340 Europae
912 2261 1073 2338 cupiditate

130 2458 144 2507 l
162 2468 216 2522 per
232 2458 296 2507 octe
334 2451 451 2505 erfidum
469 2469 520 2508 om.
540 2454 581 2520 Β,
605 2459 635 2506 ot
653 2470 676 2506 o.
693 2454 817 2520 p.18,8
837 2451 841 2519 1
861 2449 881 2501 fl
899 2454 963 2503 arcte
981 2447 1074 2520 glecip

65 2525 195 2591 merit
211 2522 240 2576 L
264 2525 268 2591 1
319 2521 379 2577 olso
397 2522 426 2577 Β
449 2521 511 2590 piso
533 2523 557 2578 0
578 2525 581 2592 1
605 2522 730 2592 rodopen
748 2521 775 2574 Β
797 2522 806 2590 11
829 2525 845 2572 1
865 2524 953 2573 cauce
971 2536 1074 2590 umque

65 2588 141 2657 (eto
157 2600 176 2647 t
193 2599 220 2648 et
236 2609 256 2645 u
273 2610 308 2647 m.
327 2598 344 2646 1
362 2609 450 2662 aspro
467 2610 574 2649 versum
591 2596 630 2674 m)
649 2594 677 2647 Β
695 2593 889 2659 Haemumque
902 2592 1021 2646 Iahnius
1034 2592 1074 2660 115

68 2661 193 2717 maeotim
210 2662 239 2717 Β
255 2665 259 2731 1
280 2661 469 2717 cruentissimi
489 2666 598 2732 (ultimo
617 2682 627 2716 1
645 2681 733 2734 supra
750 2679 856 2718 cereum
874 2680 907 2717 m.
928 2666 955 2732 1)
974 2662 1002 2715 Β
1025 2664 1034 2731 11
1058 2667 1074 2714 6

69 2744 97 2787 tn
114 2731 182 2787 linis
207 2734 233 2803 (o
256 2749 343 2803 cupra
361 2736 540 2804 posteriorem
561 2733 573 2788 i
594 2753 629 2789 m.
649 2740 666 2788 1
690 2741 715 2790 et
738 2735 817 2801 iufra
835 2739 970 2802 puuctum
991 2751 1025 2788 m.
1045 2735 1074 2801 2)

10 2862 16 2869 ,
108 2805 118 2873 1
136 2809 170 2859 1ο
187 2817 429 2859 urrumnrrcuur
446 2805 475 2859 B
492 2804 801 2861 mem·nAT10um·L
820 2806 830 2874 11
855 2809 885 2858 11
907 2804 944 2857 ed
963 2805 1074 2873 septen-

10 2936 14 2942 ,
72 2870 180 2929 tionem
197 2873 234 2928 N
252 2873 463 2944 edseptetriond
483 2876 509 2930 L
534 2879 538 2947 1
562 2893 640 2930 mere
659 2883 724 2945 post
740 2875 772 2929 in
790 2876 854 2930 aad.
876 2874 900 2929 0
918 2877 928 2943 11
952 2880 984 2928 13
1005 2875 1073 2926 aetes

73 2938 97 2997 l
107 2946 187 3001 netes
206 2944 235 2999 Β
253 2945 314 2999 etas
333 2946 360 3000 L
381 2948 386 3016 1
405 2949 472 3016 post
490 2949 624 3015 (estotim
642 2949 758 3016 incerto)
776 2947 875 3014 Β1114
893 2944 1074 2998 mithridates

10 3034 14 3067 e
99 3032 188 3087 upra
205 3032 312 3071 meten
329 3034 364 3071 m.
384 3019 411 3086 1)
430 3018 458 3071 Β
472 3020 481 3087 11
497 3023 529 3071 15
548 3020 669 3086 quatuor
683 3019 710 3072 L
727 3021 731 3087 1
746 3017 822 3087 pirro
842 3020 871 3086 (y
888 3019 960 3071 iuter
978 3016 998 3068 h
1017 3021 1042 3069 et
1055 3013 1073 3083 i,

10 3101 13 3133 ἓ
96 3088 167 3145 iste
184 3104 201 3141 r
218 3092 244 3142 et
261 3088 409 3143 conseruit
426 3105 460 3142 ru.
476 3091 503 3158 1)
518 3088 553 3143 N
566 3105 650 3158 pyrro
665 3089 692 3142 L
709 3092 712 3157 1
734 3086 960 3157 quattuordecim
980 3088 1002 3140 Ο
1019 3088 1074 3139 tre·

73 3150 149 3215 heim
164 3158 206 3228 Β,
223 3156 337 3227 ntum,
355 3165 388 3213 ot
405 3161 527 3214 comeus
545 3161 656 3228 tereret,
675 3161 720 3214 ou
739 3163 814 3228 (op.
831 3164 922 3226 51,11
943 3164 968 3212 et
987 3162 1032 3225 61,
1046 3160 1074 3225 r)

10 3268 14 3275 -
70 3224 156 3287 mum
173 3228 398 3285 Houmbalieum
420 3231 477 3284 r'cm
500 3247 622 3285 coerceo
657 3246 693 3286 oo
711 3232 744 3284 r'rt
762 3230 891 3297 Africam
909 3230 1075 3284 translatum

69 3304 98 3355 d
118 3302 233 3370 dietim
259 3316 314 3355 esee
339 3302 455 3370 sumpsit
479 3302 483 3368 1
512 3301 620 3355 hennib
654 3301 660 3312 ’
691 3300 852 3355 suffecerint
879 3317 928 3355 oro.
957 3301 985 3353 B
1007 3301 1016 3368 11
1041 3303 1073 3350 17

68 3368 192 3427 nbectus
211 3371 360 3440 (posterior
377 3388 397 3424 u
414 3378 534 3426 correcta
552 3390 586 3427 erc
604 3372 624 3442 i)
644 3372 671 3426 L
692 3374 695 3437 1
717 3373 795 3441 syllae
816 3370 938 3426 asinae
957 3372 984 3424 B
1007 3372 1016 3439 11
1039 3375 1073 3422 19

68 3445 207 3571 m
221 3442 752 3583 fflpoeffiffitpospvbpplfflldircloli
768 3446 772 3512 1
798 3442 874 3512 apud
895 3440 1002 3494 ensium
1021 3442 1047 3493 L
1070 3440 1072 3509 1
