2386 3922
432 182 470 253 Π,
492 189 524 237 18
543 183 617 253 (llll,
637 186 673 252 2).
993 182 1057 247 143

71 354 149 411 caena
168 348 312 411 babentes
329 356 402 428 aput
419 349 537 410 Sicorin
556 367 673 410 amnem
693 349 829 429 opsidere
849 357 879 410 et
897 350 932 411 ab
952 352 1060 431 oppido

68 437 249 499 intercludere
280 438 460 517 adgreditur.
508 440 628 499 interim
661 438 859 498 abundatione
891 443 974 500 verni
1005 440 1059 500 tlu-
1079 452 1111 500 11

68 527 141 587 uinis
166 526 378 588 commeatibus
406 526 595 606 prohibetur:
624 529 667 588 sic
695 527 771 587 tame
800 534 895 588 eastra
919 535 1060 608 temptata

68 622 134 696 tunt,
164 615 362 695 obsessorque
389 617 454 695 ipse
482 617 568 695 quasi
596 614 794 677 obsidebatur.
845 616 897 676 sed
925 616 977 677 nbi
1003 636 1060 696 pax
1079 630 1113 679 28

68 702 182 766 1111111111
205 704 284 766 redit
306 712 337 765 et
357 703 596 784 pabulationibus
615 712 646 765 et
663 723 778 783 pugnae
798 723 916 784 campos
935 707 1060 786 aperuit,

68 800 158 855 terum
180 794 265 855 ferox
287 795 379 854 instat
402 801 432 855 et
455 794 594 854 cedentes
618 794 654 854 ad
673 792 863 854 Celtiberiam
882 803 1059 855 consecutus

68 900 155 962 ggere
184 889 216 943 et
241 881 318 943 vallo
346 890 377 943 et
403 901 457 962 per
484 883 557 943 haec
582 885 632 943 siti
655 882 691 942 ad
714 882 896 943 deditionem
920 883 1061 962 conpulit

68 973 94 1033 ie
115 973 239 1033 citerior
255 970 399 1051 Hispania
417 978 537 1051 recepta
555 979 609 1053 est,
633 990 688 1032 nec
707 970 831 1032 ulterior
848 990 962 1033 moram
981 973 1058 1033 iecit.
1078 983 1113 1032 aa

68 1060 121 1139 prid
138 1063 221 1122 enim
239 1078 299 1121 una
316 1066 385 1139 post
403 1062 533 1139 quinque
552 1056 706 1139 legiones?
724 1061 824 1139 itaque
842 1060 920 1121 ultro
936 1062 1058 1122 cedente

68 1146 179 1210 lsrrone
199 1148 296 1210 Gades
320 1149 429 1210 fretum
448 1148 592 1230 Oceanus,
616 1151 713 1209 omnia
735 1148 905 1209 felicitatem
924 1149 1058 1211 Caesaris

68 1237 257 1317 eruebantur.

113 1326 234 1406 Aliquid
257 1333 357 1387 11111111
380 1324 521 1386 adversus
545 1324 698 1387 absentem
716 1327 822 1388 ducem
841 1345 910 1387 ausa
929 1326 1057 1387 Fortuna
1077 1339 1112 1388 30

68 1422 98 1475 ut
117 1418 197 1477 cirea
215 1415 365 1495 Illyricum
384 1422 414 1475 et
431 1414 569 1495 Africam,
593 1417 678 1493 quasi
697 1416 732 1476 de
752 1416 897 1477 industria
916 1433 1058 1494 prospera

68 1502 115 1565 tius
135 1503 270 1565 adversis
293 1503 430 1565 radiaret.
477 1505 586 1582 quippe
610 1522 678 1564 cum
701 1504 801 1565 lauces
823 1504 944 1564 Adriani
967 1506 1057 1565 maris
1077 1518 1109 1565 31

68 1588 125 1653 lissi
155 1611 302 1672 occupare
334 1591 482 1653 Dolabella
515 1599 545 1652 et
576 1591 735 1674 Antonius,
766 1592 815 1654 ille
847 1592 977 1673 illyrico,
1008 1592 1057 1652 bic

68 1676 196 1743 1111111111
225 1681 311 1742 litore
340 1688 435 1742 castra
464 1683 635 1759 posuissent
660 1683 719 1742 iam
741 1684 833 1742 maria
857 1681 914 1741 late
937 1688 1057 1742 tenente

68 1762 201 1852 lonpeio,
232 1777 356 1849 repente
386 1769 499 1848 legatus
528 1772 592 1831 eius
620 1770 758 1832 Octavius
786 1769 859 1831 Libo
886 1770 1057 1849 ingentibus

69 1860 142 1937 oopus
183 1857 376 1920 classicorum
412 1866 571 1938 utrumque
608 1861 809 1922 circumvenit
876 1860 1057 1920 deditionem
1075 1872 1110 1920 aa

68 1940 139 2008 hines
162 1949 288 2008 extorsit
310 1948 445 2008 Antonio.
486 1949 595 2007 missae
619 1966 736 2028 quoque
759 1969 775 2010 a
799 1948 896 2009 Basilo
919 1951 951 2008 in
974 1951 1056 2010 auxi-

68 2027 123 2095 linm
144 2038 209 2098 eius
232 2043 320 2116 rates
344 2035 445 2115 quales
468 2038 567 2114 inopia
591 2039 709 2097 navium
732 2038 851 2117 iecerat,
874 2054 948 2097 nova
971 2037 1056 2097 Pom·

69 2124 223 2197 ieiunorum
245 2125 317 2185 'arte
346 2123 471 2185 Cilicum
503 2126 576 2184 actis
609 2123 664 2184 sub
695 2128 771 2185 mari
803 2124 923 2185 lunibus
955 2133 1055 2205 captae

70 2215 210 2294 perper
233 2213 410 2292 indaginem.
456 2213 529 2273 duas
552 2219 651 2273 tamen
673 2221 773 2274 aestus
797 2212 946 2291 explicuit.
989 2232 1056 2294 una,
1075 2230 1109 2276 33

122 2355 135 2401 1
159 2349 236 2419 apud
260 2349 284 2403 0
305 2350 309 2417 Ι
334 2347 447 2402 sicorim
469 2348 497 2401 Β
517 2347 520 2419 Ι
543 2346 656 2401 amneni
678 2347 705 2400 L
729 2349 733 2415 Ι
760 2346 888 2400 obsidere
911 2346 1018 2416 ΒΝἸ
1040 2353 1055 2400 2

71 2419 213 2539 §peditur
226 2421 253 2473 L
268 2418 273 2491 Ι
288 2418 464 2473 habundatio
478 2420 507 2472 Β
526 2417 735 2472 abundantione
750 2420 788 2486 (2.
802 2436 822 2470 n
836 2419 971 2488 eapuuuit
983 2420 1056 2486 1112)

103 2490 141 2555 13
159 2490 334 2545 comeatibus
352 2491 380 2544 Β
400 2494 404 2558 Ι
424 2489 592 2560 prohibebat
609 2491 637 2544 B
656 2487 787 2560 prohibet
808 2488 841 2543 G.-
858 2505 926 2543 corr.
945 2488 1033 2544 Reae.
1048 2488 1058 2560 ΙΙ

69 2556 266 2630 tobsersorque
285 2563 308 2630 (s
326 2578 386 2630 sup.
401 2563 523 2630 priorem
541 2579 555 2613 r
572 2579 607 2616 ru.
621 2563 652 2630 2)
670 2561 704 2614 N
720 2564 724 2626 Ι
747 2559 796 2628 qui
810 2566 874 2629 post
892 2557 973 2628 quasi
991 2562 1055 2615 odd.

70 2622 121 2712 ΝἸ
137 2631 325 2686 obsedebatur
342 2633 370 2686 B
392 2635 401 2700 Ι
424 2640 440 2686 5
463 2631 549 2686 rediit
566 2633 594 2686 B
614 2631 690 2686 redit
710 2631 753 2701 Gi
774 2632 803 2685 et
820 2632 884 2686 odd.
904 2630 1056 2687 Salmasius

78 2699 155 2774 runt]
167 2704 205 2759 N.
217 2703 352 2758 Heinsius
365 2703 477 2757 reddita
488 2703 694 2758 Freinshemius
709 2705 713 2772 Ι
729 2701 972 2772 populationibus:
986 2720 1054 2759 corr.

94 2768 98 2780 '
127 2775 163 2829 'us
178 2774 183 2843 Ι
199 2790 295 2844 pugna
308 2775 368 2828 BL
381 2776 390 2844 ΙΙ
405 2780 420 2827 6
440 2773 633 2828 sceltiueriam
652 2775 744 2844 (prior
762 2773 772 2826 i
786 2780 906 2830 correcta
919 2791 952 2828 eu
966 2777 991 2845 e)
1005 2776 1033 2829 B
1050 2776 1052 2844 Ι

68 2848 235 2913 wusequutus
253 2846 282 2898 Β
295 2849 334 2914 ll
354 2844 474 2899 contulit
486 2847 514 2900 B
528 2847 537 2912 ΙΙ
552 2851 585 2898 10
603 2845 691 2915 gades
710 2848 739 2915 (g
757 2851 876 2909 carrecta
893 2861 927 2899 eu
945 2861 960 2899 e
977 2863 1012 2901 m.
1028 2848 1055 2914 1)

68 2902 225 2987 3Ι111111111
245 2919 268 2985 (s
287 2918 376 2985 uasa)
390 2917 418 2970 Β
434 2920 438 2985 Ι
454 2915 621 2970 felicitatem
640 2917 760 2987 (virgula
778 2917 867 2986 erasa)
880 2916 914 2969 N
924 2918 932 2985 Ι
947 2921 980 2969 13
999 2915 1055 2968 1111-

68 2987 123 3058 ituro
134 2987 161 3040 Β
179 2986 314 3041 illiricum
325 2987 352 3040 L
368 2990 372 3055 Ι
388 2986 543 3041 etaiiricam
557 2988 584 3041 L
599 2990 603 3054 Ι
619 2987 741 3041 moranti
755 2994 818 3042 autc
832 2985 913 3056 quasi
926 2988 990 3041 add.
1005 2986 1033 3039 B
1049 2985 1053 3057 Ι

68 3058 151 3110 iliteram
174 3057 317 3128 illyricam
339 3059 369 3112 et
385 3057 510 3113 Africam
532 3074 610 3112 oram
628 3059 772 3127 Hauptius
794 3060 803 3128 ΙΙ
827 3064 861 3111 14
884 3055 1009 3111 adversis
1026 3058 1055 3126 (v

68 3128 270 3199 Ι1111111111)
284 3129 318 3183 N
330 3128 335 3201 Ι
350 3127 495 3183 radiarent
507 3130 535 3183 B
549 3128 726 3183 radiarentur
742 3130 775 3184 0.-
789 3146 857 3184 corr.
872 3130 999 3195 Iabuius,
1017 3145 1055 3182 au

68 3194 190 3279 fideret?
208 3202 241 3253 ut
258 3216 391 3269 prospera
406 3199 465 3255 eius
480 3200 605 3282 adversis
619 3200 763 3283 radiarent
777 3201 909 3281 Liuineius
925 3201 928 3268 Ι
946 3198 1055 3280 Quippe

68 3268 1054 3420 gllllcpurl‘lootlccllllyllltLdog,{uhlllcrclcllumILVltldSllllulldgll1'2dlllr311dlll

68 3402 150 3466 ¹lhbo
159 3414 278 3484 genibus
288 3414 315 3467 Β
329 3415 338 3482 ΙΙ
353 3419 385 3468 19
396 3413 503 3468 ablatio
513 3414 540 3467 Β
550 3413 660 3469 ablasio
672 3414 705 3468 0.·
718 3430 786 3468 corr.
799 3413 834 3468 F.
841 3413 984 3467 Asulauus
996 3412 1006 3482 ΙΙ
1020 3417 1054 3464 10

68 3463 218 3552 1111111111,
232 3492 262 3539 at
274 3504 299 3541 o.
308 3485 352 3540 De
366 3486 480 3541 &aecae
493 3502 590 3540 roccus.
600 3492 626 3540 et
640 3486 769 3540 uueudat.
777 3503 807 3553 p.
818 3488 873 3538 168
882 3485 947 3538 adu.
957 3488 992 3537 11
1001 3484 1010 3554 Ι
1019 3488 1052 3536 11

68 3544 172 3608 minari
190 3555 210 3624 Ι1
229 3572 296 3610 corr.
312 3573 345 3609 ec
364 3559 390 3625 e)
407 3557 435 3611 Β
453 3561 462 3623 Ι
481 3560 513 3608 22
532 3555 695 3626 indaginem
714 3557 743 3624 (g
761 3572 830 3611 corr.
845 3572 878 3610 ee
897 3571 911 3608 c
929 3571 964 3610 ue.
979 3556 1006 3624 1)
1024 3555 1052 3607 Β
