2386 3922
88 141 141 199 XX
400 144 601 196 PRAEFATIO
621 143 791 194 EDITORIS

4 326 76 366 ,991
157 311 348 370 Parisinus
382 310 510 369 Latinus
539 312 623 370 7701
653 302 771 390 (Paris.
799 301 905 388 7701),
939 309 1011 369 olim
1038 309 1104 368 Pu-

86 405 226 478 teaneus,
262 400 521 473 membranaceus,
561 399 674 457 formae
707 397 928 475 quadrantalis,
961 399 1103 457 binarum

87 491 304 566 columnarum,
327 489 440 547 saeculi
463 487 639 547 duodecimi
682 487 790 546 Florus
813 487 878 566 (191.
899 481 1045 567 39-76)
1071 491 1103 547 91

88 596 190 639 omnes
212 577 293 637 Livii
318 579 476 654 periochae
505 568 571 658 (fol.
597 567 807 658 76-104)¹)
840 576 920 634 inter
948 575 1103 636 Ciceronis

87 667 181 727 libros
200 667 236 726 de
256 669 373 726 oratore
393 668 424 724 et
442 666 660 741 praefationem
677 664 827 724 naturalis
845 666 989 725 historiae
1009 665 1104 724 Plinii

88 760 119 816 et
141 756 253 815 indices
281 758 440 814 auctorum
466 755 622 832 leguntur.
667 753 839 814 accuratius
863 773 932 813 eum
956 755 1102 831 descripsi

87 846 108 907 l.
127 864 151 905 c.
169 866 197 921 p.
219 847 259 905 69
272 863 313 922 sq.

155 933 343 992 Parisinus
380 932 507 992 Latinus
546 933 672 1005 18104,
713 931 786 990 olim
826 932 1100 1010 Nostradamensis,

87 1022 346 1099 membranaceus,
373 1022 487 1081 formae
515 1024 648 1098 quartae.
694 1019 777 1079 foliis
806 1022 868 1080 183
885 1039 971 1082 vs-
984 1023 1046 1081 186
1058 1040 1104 1082 99.

89 1113 229 1188 excerpta
257 1130 293 1170 ex
315 1110 399 1169 Flori
425 1109 509 1169 libris
536 1109 661 1186 praebet
688 1107 756 1168 ideo
779 1110 1001 1189 memorabilia,
1029 1111 1105 1187 quia

89 1202 232 1278 prologus
254 1200 418 1277 praecedit,
441 1199 477 1257 de
502 1218 561 1276 quo
584 1199 664 1256 infra
687 1197 792 1257 dicam.

155 1289 344 1348 Leidensis
363 1288 529 1347 Vossianus
545 1288 577 1346 in
592 1289 650 1347 oct,
666 1288 695 1359 5,
713 1287 968 1362 membranaceus,
987 1289 1104 1347 saeculi

89 1377 312 1437 decimitertii.
357 1377 481 1436 Florum
508 1370 574 1455 (fol.
595 1366 719 1456 1-79)
748 1377 779 1433 91
806 1379 922 1451 septem
947 1376 1028 1436 Livii
1050 1397 1103 1454 pe-

88 1467 206 1526 riochas
230 1458 296 1547 (fol.
317 1468 445 1526 79-85
461 1459 518 1545 99.)
543 1453 867 1541 999919911191.’911111
889 1466 921 1523 in
944 1466 1105 1526 99199991

89 1556 170 1632 quod
206 1574 266 1615 non
302 1556 424 1615 aliunde
460 1558 567 1615 notum
599 1556 686 1612 99991.
740 1552 872 1613 Beckius
906 1549 1103 1634 (³0bservac?

89 1666 117 1721 p.
139 1647 157 1704 8
182 1644 249 1702 adn.
271 1637 305 1725 1)
329 1663 399 1702 eum
421 1642 493 1702 libri
514 1643 539 1702 L
563 1642 727 1721 gemellum
750 1643 892 1718 99991191.

32 1756 75 1785 999.
156 1732 346 1791 Leidensis
377 1732 543 1792 Vossianus
574 1732 606 1790 in
639 1734 696 1792 oct.
725 1733 765 1791 77
800 1724 942 1811 (Voss),
972 1732 1107 1808 primum

90 1826 244 1880 99999919
273 1839 360 1880 cosae
388 1823 447 1889 det,
475 1820 581 1879 deinde
604 1820 758 1879 Francisci
779 1821 933 1897 Dantanii,
957 1822 1106 1881 membra-

89 1928 209 1988 naceus,
228 1910 343 1969 saeculi
360 1909 467 1969 decimi
486 1910 578 1968 tertii.
605 1912 676 1985 9991
693 1909 818 1968 Florum
837 1900 903 1990 (fol.
926 1904 1105 1992 1-8199.)

90 2003 205 2076 999199
236 1998 316 2058 Livii
346 1999 503 2076 periochas
534 1998 626 2058 babet
658 1990 723 2078 (fol.
753 1999 884 2058 83-90
906 1991 973 2079 vs).
1024 1999 1105 2059 bunc

90 2089 222 2148 codicem
245 2107 264 2146 a
284 2088 423 2164 pluribus
446 2087 578 2146 librariis
601 2090 767 2162 exaratum,
793 2106 923 2164 quorum
945 2107 1042 2146 unum
1067 2108 1105 2147 ex

90 2177 211 2238 scholiis
238 2196 316 2253 quae
343 2177 376 2236 in
401 2176 589 2254 marginibus
617 2175 778 2251 adscripsit
805 2176 957 2236 hominem
980 2177 1105 2236 doctum

162 2385 187 2451 1)
211 2381 332 2450 contigit
356 2380 427 2434 mihi
448 2383 481 2434 91
504 2379 528 2433 ai
551 2397 608 2434 non
631 2379 777 2449 archetypi
800 2379 996 2449 periocharum
1020 2381 1105 2436 huius

90 2453 204 2522 codicis,
231 2456 327 2507 tamen
353 2451 420 2505 libri
448 2451 508 2505 eius
537 2450 674 2503 simillimi
699 2468 784 2504 unam
812 2455 887 2506 certe
910 2452 1107 2506 membranam

88 2524 247 2592 reperirem.
276 2526 319 2577 est
338 2525 433 2576 autem
450 2521 599 2575 Bernensis
618 2523 644 2574 A
658 2527 691 2575 91
710 2521 817 2576 formae
836 2522 996 2577 octavariae
1015 2527 1108 2592 (0,158

90 2611 126 2653 ><
145 2598 247 2664 0106),
271 2595 370 2647 eadem
389 2609 445 2660 qua
463 2591 491 2645 N
510 2595 603 2646 aetate
622 2595 737 2646 exarata
756 2595 784 2646 et
803 2593 948 2663 periochas
969 2594 1107 2649 librorum

91 2665 163 2719 sexti
182 2664 295 2733 septimi
313 2663 407 2718 991991
425 2663 491 2717 inde
510 2680 527 2716 a
545 2662 638 2717 verbis
658 2663 793 2720 89191199
811 2665 957 2720 Arniensis
976 2677 1012 2735 (9.
1030 2672 1073 2735 11,
1090 2671 1107 2720 4

91 2737 134 2790 ed.
153 2735 234 2805 Iahn)
252 2751 341 2803 usque
360 2734 397 2788 ad
415 2733 502 2788 verba
516 2737 784 2802 99991991999991
798 2739 835 2806 (p.
853 2743 893 2806 14,
909 2737 1107 2860 opoomplexa.

90 2807 121 2860 in
144 2824 199 2874 quo
223 2805 324 2876 exiguo
348 2804 441 2876 spatio
464 2823 527 2859 cum
545 2805 683 2874 P(arisino
704 2810 783 2876 7701)
810 2810 908 2862 contra
971 2807 1016 2861 his
1035 2808 1106 2862 locis

91 2877 243 2934 consentit:
268 2883 523 2947 13‚12rostroqae,
547 2879 784 2946 1719991999991,
809 2885 841 2932 19
861 2881 896 2933 95
915 2880 988 2946 9919,
1008 2885 1040 2933 11
1062 2882 1106 2935 919-

90 2951 211 3016 9199119,
226 2955 259 3004 15
274 2950 533 3018 (1999999991999.
547 2948 644 3016 itaque
658 2948 717 3002 iam
729 2949 760 3018 P,
775 2966 859 3017 quem
872 2949 905 3004 H.
919 2950 940 3002 Ι.
951 2949 1106 3005 Muellerus

91 3019 340 3090 (‘Jahresberichte
371 3020 419 3073 des
447 3019 544 3088 philol.
573 3019 689 3073 Vereins
718 3038 752 3073 zu
779 3020 886 3075 Berlin’
916 3020 981 3074 XVI
1009 3022 1105 3104 [1890]

90 3110 117 3161 p.
133 3095 195 3161 104)
213 3109 300 3161 parvo
320 3090 489 3159 aestimavit,
507 3090 538 3144 in
555 3090 694 3159 periochis
712 3108 768 3145 999
782 3092 872 3146 multo
886 3091 1003 3146 minoris
1018 3093 1106 3163 pretii

91 3180 177 3231 quam
189 3162 217 3216 N
230 3163 323 3232 ipsum
341 3180 402 3217 esse
419 3164 506 3231 patet.
541 3165 665 3216 ceterum
680 3161 780 3216 ‘musei
793 3163 894 3217 Rhen'
910 3163 997 3218 XLIV
1011 3167 1104 3234 (1889)

90 3252 117 3314 p:
134 3243 166 3288 71
190 3234 235 3305 (cf.
254 3253 281 3315 p.
297 3237 341 3304 77)
363 3233 394 3315 19
416 3233 501 3287 verbo
525 3235 680 3302 occupoadc
702 3233 852 3316 librumll
874 3236 1024 3304 punctum,
1048 3252 1106 3317 999

90 3305 1106 3446 11111111111119111119111191111111

90 3447 161 3500 facit
180 3448 217 3500 ad
234 3448 356 3517 pretium
373 3447 509 3502 librorum
527 3445 554 3499 N
573 3449 601 3500 et
618 3447 641 3501 P
660 3446 881 3516 diiudicandum,
901 3451 996 3503 extare
1011 3451 1104 3518 putat.

91 3517 168 3572 idem
186 3535 234 3571 cur
253 3518 279 3572 N
297 3519 408 3573 saeculo
428 3520 527 3572 octavo
546 3517 655 3572 tribuat
668 3521 704 3588 (p.
721 3522 783 3590 101)
802 3519 909 3589 ignoro.
