2386 3922
82 157 145 212 LVI
392 157 595 210 PRAEFATIO
613 157 784 209 suffosus

82 327 115 386 in
136 326 220 385 illius
244 324 386 384 laudibus
410 317 461 405 (de
484 325 568 384 clem.
593 324 715 401 19sq.;
742 322 780 382 de
802 322 849 382 ira
871 322 918 382 III
938 324 991 401 23,
1010 325 1090 400 ssus

83 417 135 492 40,
156 417 243 492 2sq;
265 415 303 474 de
325 413 563 489 benet111273
587 405 683 494 alibi).
720 412 908 489 probabilius
931 411 1031 490 igitur
1052 413 1090 473 est

83 503 327 563 anachronismos
347 503 417 562 illos
431 502 514 562 Flori
533 521 569 561 ex
583 501 714 562 Senecae
732 501 828 579 patris
847 520 936 579 opere
955 501 1090 562 historico

85 593 232 670 originem
259 591 367 650 ducere
396 609 486 668 quam
514 610 551 650 ex
579 591 643 650 ullo
672 590 741 650 alio.
786 609 875 667 porro
902 591 979 650 miro
1010 591 1090 651 modo

83 681 167 741 Flori
190 680 420 757 descriptionem
442 679 516 740 belli
538 679 636 741 civilis
659 679 836 756 Pompeiani
859 699 928 739 oum
951 679 1090 757 Lucani,

86 771 214 830 Senecae
246 768 375 829 rhetoris
407 769 540 847 nepotis,
573 761 761 849 Pharsalia¹)
794 769 950 828 concinere
983 768 1091 828 dudum

85 860 278 920 observatum
306 861 352 917 est
379 857 417 916 ab
447 857 618 935 utriusque,
629 856 784 935 scriptoris
807 857 984 917 editoribus.
1030 876 1091 917 cun

50 962 53 967 ‘
84 951 188 1008 antem
219 948 238 1007 l.
270 966 292 1006 o.
320 967 349 1025 p.
376 948 438 1006 168
450 965 492 1024 sq.
515 936 819 1025 locos'gravissimos
850 947 894 1005 ita
926 946 965 1006 ob
998 948 1093 1007 oculos

84 1036 236 1114 posuerim
268 1039 304 1096 ut
332 1035 415 1094 facili
441 1035 564 1114 negotio
596 1035 675 1095 iuter
706 1053 737 1095 se
770 1035 939 1114 comparari
974 1035 1092 1113 possint

84 1126 133 1185 hic
157 1126 265 1186 dixisse
293 1124 427 1185 sufficiat
448 1124 532 1184 Flori
559 1124 650 1183 verba
681 1143 757 1200 quae
779 1124 922 1202 legantur
943 1124 976 1183 II
997 1126 1048 1203 13,
1064 1126 1092 1199 45

85 1217 119 1291 83
149 1217 204 1292 143
233 1215 291 1291 203
321 1217 376 1289 303
406 1215 461 1290 323
489 1215 543 1290 353
575 1216 630 1287 463
659 1217 715 1290 563
747 1217 801 1290 603
826 1215 867 1274 65
891 1231 961 1272 cum
984 1212 1093 1274 Lucani

86 1303 221 1364 versibus
245 1303 260 1360 Ι
281 1306 313 1380 1;
344 1304 420 1380 133;
450 1305 526 1378 1253
557 1304 634 1378 1093
665 1302 927 1378 117080r7253
955 1302 1001 1361 IV
1020 1304 1092 1378 4023

86 1394 150 1452 448
175 1396 206 1451 et
229 1393 308 1469 4963
345 1390 444 1468 V133
480 1391 634 1468 VH4703
665 1391 791 1468 X105;
824 1390 899 1450 VIII
917 1393 998 1470 4743
1037 1392 1093 1452 273

85 1485 149 1541 tem
177 1483 244 1540 arta
272 1481 451 1558 cognatione
479 1480 639 1540 coniuncta
667 1498 731 1539 esse
762 1483 798 1539 nt
821 1498 893 1539 casu
915 1483 973 1539 aut
998 1480 1093 1541 eodem

86 1571 167 1647 quod
202 1573 331 1646 uterque
369 1569 547 1629 tractaverit
583 1573 760 1646 argumento
793 1569 849 1628 hoc
885 1568 1004 1628 factum
1036 1586 1094 1629 esse

85 1658 322 1735 haudquaquam
353 1658 445 1717 liceat
476 1657 663 1717 contendere.
717 1658 769 1735 qui
801 1676 965 1717 consensus
999 1676 1095 1736 quam·

87 1765 179 1823 quam
208 1765 226 1805 a
253 1746 392 1822 plurimis
419 1747 464 1806 ita
491 1746 660 1822 explicetur
688 1750 725 1806 ut
747 1747 856 1806 Florus
879 1746 1005 1807 Lucano
1028 1763 1095 1807 usus

88 1853 152 1894 esse
187 1834 318 1913 dicatur,
350 1838 453 1894 tamen
484 1835 644 1912 utriusque
676 1835 775 1896 verbis
803 1835 974 1894 accuratius
1006 1835 1095 1897 cousi·

88 1924 200 1983 daretis
225 1942 260 1983 eo
282 1924 371 1983 modo
395 1927 479 1983 ortus
503 1942 567 1983 esse
590 1923 780 2002 intellegitur
801 1928 838 1984 nt
861 1924 991 1984 eundem
1014 1924 1096 1984 ambo

88 2016 242 2072 auctorem
269 2012 367 2072 secuti
394 2013 462 2072 siut.
508 2012 661 2088 prooemio
692 2013 769 2072 enim
794 2012 909 2072 Lucani
932 2013 1011 2073 nihil
1034 2032 1097 2074 oon·

87 2102 179 2161 tineri
201 2101 259 2160 nisi
288 2101 552 2179 exaggerationem
579 2105 610 2161 et
637 2101 794 2161 verbosam
817 2102 1032 2180 repetitionem
1054 2120 1098 2162 oe·

87 2190 160 2250 loris
184 2191 259 2250 betto
280 2192 353 2264 plus
380 2209 469 2265 quam
496 2191 594 2250 civitio
621 2190 683 2248 iam
710 2191 823 2251 Fronto
850 2211 879 2266 p.
900 2193 962 2251 157
983 2192 1023 2252 N.
1052 2191 1099 2252 ob·

89 2280 233 2357 servavit,
267 2299 335 2340 curn
362 2280 471 2340 Florus
498 2280 530 2339 H
550 2281 600 2356 13,
623 2281 643 2337 4
673 2282 745 2355 apta
773 2279 950 2358 gradatione
978 2299 998 2339 a
1027 2279 1101 2340 civiti

89 2370 160 2428 betto
179 2370 217 2428 ad
235 2370 349 2437 sociale,
372 2369 442 2428 dein
465 2369 504 2428 ad
523 2372 672 2428 astamus
691 2372 722 2428 et
740 2385 888 2428 mmmm
907 2385 941 2427 ac
959 2371 1100 2437 comitas,

89 2458 219 2534 denique
242 2458 281 2517 ed
298 2459 371 2530 ptus
394 2476 482 2531 quom
505 2458 611 2516 toltum
633 2458 783 2517 escendat.
826 2457 937 2517 similes
962 2462 1038 2519 sunt
1058 2477 1099 2518 re·

88 2546 166 2622 liqui
198 2546 258 2605 loci
290 2544 398 2621 quibus
426 2546 588 2605 historicus
617 2546 765 2622 simplicia
793 2550 824 2606 et
850 2546 948 2624 magis
979 2546 1101 2624 propria

89 2634 181 2695 verba
210 2636 400 2708 superiorem,
424 2635 563 2704 debitum,
587 2638 691 2703 auem,
718 2636 824 2707 forano,
847 2652 1005 2709 oppressae
1027 2639 1101 2696 circs

89 2722 181 2781 habet
204 2742 222 2780 a
244 2725 335 2799 poete
359 2723 396 2782 ob
419 2726 548 2782 metrum
573 2724 621 2785 vol
641 2724 716 2782 alias
735 2725 771 2783 ob
791 2742 897 2784 causas
915 2724 948 2782 in
961 2727 1100 2799 priorem,

90 2828 189 2880 suum
214 2811 331 2880 bellom,
354 2813 467 2880 emtus,
490 2813 629 2871 subcunt
650 2829 717 2886 opes
739 2816 866 2873 mutata.
912 2816 1007 2890 atque
1031 2815 1101 2875 adeo

89 2900 122 2958 in
144 2900 317 2960 narratione
341 2901 564 2980 strategematis
588 2899 717 2960 Cilicum
740 2901 889 2961 sociorum
914 2902 1053 2980 Pompeii
1074 2901 1119 2961 id·

90 2990 171 3066 quod
194 2988 276 3066 apud
297 2990 421 3050 Florum
444 2994 490 3050 est
512 3007 589 3049 uoco
612 2982 634 3072 (·
650 2991 682 3048 i·
706 2989 844 3050 inaudita
866 2995 898 3050 et
920 2984 1013 3074 mira)
1046 2995 1103 3053 ou
1135 3050 1137 3085 ι

163 3179 189 3247 1)
208 3177 387 3232 Pharsaliam
413 3175 499 3230 etiam
517 3193 592 3229 nunc
610 3175 716 3230 Lucani
736 3193 849 3232 carmen
867 3176 989 3248 appollo,
1009 3196 1103 3248 quam·
1135 3172 1137 3177 ¹

91 3265 176 3315 quam
200 3247 225 3301 is
250 3247 298 3316 qui
322 3250 388 3301 ante
411 3247 463 3300 hos
486 3250 543 3302 tres
568 3263 656 3302 anuos
680 3246 752 3301 illud
776 3248 866 3303 edidit
891 3248 1103 3320 inscriptionem

91 3321 123 3373 de
151 3321 217 3374 tello
245 3321 321 3374 cicili
350 3335 383 3373 ex
412 3317 556 3371 codicibus
584 3315 717 3374 restituit.
756 3322 867 3373 constat
895 3319 972 3375 euim
999 3319 1103 3377 Lucani

91 3389 180 3458 ipsius
195 3389 243 3460 (IX
255 3391 317 3459 985)
332 3392 360 3443 et
375 3388 459 3443 Statii
474 3388 546 3459 (silv.
557 3389 584 3442 II
599 3396 622 3458 7,
637 3391 682 3459 66)
696 3389 865 3444 testimoniis
882 3389 970 3446 etiam
985 3391 1103 3448 alterum

90 3476 194 3513 nomeu
215 3460 259 3513 illi
284 3460 391 3529 imponi
411 3459 525 3514 solitum
544 3475 612 3515 esse.
651 3460 685 3516 cf.
706 3478 779 3529 quae
798 3461 857 3514 dixi
875 3460 906 3515 in
924 3462 1103 3532 ephemeride

94 3530 244 3584 ‘Deutsohe
263 3531 544 3600 Litteraturzaitung'
565 3531 629 3586 XIV
647 3535 738 3601 (1893)
757 3551 783 3602 p.
800 3538 858 3587 717.
