2386 3922
115 178 180 243 172
476 183 588 235 raom
604 183 766 235 nemone

116 348 161 408 illi
193 349 291 408 statim
323 354 390 407 ante
421 349 514 408 aciem
547 346 696 407 immolato
729 365 806 426 equo
834 365 997 428 concepere
1021 351 1115 405 votum
1146 356 1147 360 ’

75 450 97 496 ,6
117 445 150 498 ut
172 454 327 497 caesorum
350 438 427 497 extis
450 436 559 496 ducum
583 443 613 496 et
630 435 750 497 litarent
768 444 798 496 et
816 443 1014 499 vescerentur.
1045 433 1114 493 deos

117 526 235 587 audisse
263 524 454 584 crediderim:
482 543 537 585 nec
564 524 651 586 tubas
679 528 828 586 sustinere
850 531 1019 606 potuerunt.
1055 532 1110 582 non

116 616 272 676 minimum
291 616 415 674 terroris
434 615 561 674 incussit
578 613 712 675 barbaris
727 614 885 676 Cornidius
905 615 1036 677 centurio
1048 609 1108 672 satis

116 704 273 783 barbarae,
302 703 445 762 efficacis·
459 710 558 763 tamen
586 708 657 782 aput
683 703 757 763 tales
785 704 922 766 homines
949 699 1106 775 stoliditatis,
1126 700 1147 763 ⁵.

117 795 169 872 qui
196 791 326 853 foculum
354 809 461 869 gerens
489 809 580 870 super
607 792 753 852 cassidem
783 795 926 872 agitatum
952 798 1032 853 motu
1054 804 1123 875 cor-¹

117 884 199 961 poris
222 881 371 941 flammam
394 881 474 941 velut
497 879 613 941 ardenti
635 883 731 960 capite
755 881 930 943 funditabat.

356 1145 467 1206 XXVII.
499 1145 649 1206 BELLVM
671 1146 894 1214 THRACICVM.

75 1316 98 1364 ῃ
184 1290 314 1350 Thraces
337 1296 421 1349 antea
446 1307 533 1367 saepe
557 1294 587 1348 et
605 1294 669 1349 tum
688 1291 814 1350 maxime
832 1288 1036 1350 Rhoemetalce
1053 1297 1101 1359 rege

118 1380 311 1440 desciverant.
362 1377 411 1437 ille
443 1377 585 1437 barbaros
618 1384 648 1438 et
680 1379 773 1456 signis
805 1378 985 1439 militaribus
1011 1383 1039 1437 et
1061 1373 1127 1432 dis-r

119 1468 241 1549 ciplina,
273 1469 364 1527 armis
397 1469 485 1527 etiam
513 1465 653 1526 Romanis
686 1466 872 1548 adsueverat3
905 1474 951 1527 set
978 1485 995 1526 a
1020 1465 1102 1525 Pisone

118 1558 278 1638 perdomiti
310 1557 341 1615 in
374 1557 437 1634 ipsa
466 1557 633 1634 captivitate
662 1555 774 1616 rabiem
802 1556 970 1616 ostendere.
1019 1554 1102 1633 quippe

120 1664 187 1707 cum
221 1654 339 1705 catenas
372 1643 522 1704 morsibus
554 1650 746 1726 temptarent,
778 1644 928 1705 feritatem
961 1661 1040 1704 suam
1063 1635 1103 1717 ipsi

118 1733 290 1814 puniebant.

190 1958 241 2011 12
266 1955 357 2010 exitus
376 1957 403 2009 Β
426 1957 435 2024 ΙΙ
458 1955 659 2011 3crediderim
680 1959 719 2026 (re
738 1964 886 2012 ementem
904 1975 938 2012 ex
955 1960 981 2027 e)
999 1957 1024 2010 L
1045 1957 1049 2023 Ι
1068 1961 1104 2003 110⁰

120 2027 269 2082 classicum
284 2026 380 2081 audire
395 2026 552 2082 ualuerunt.
564 2026 604 2080 sic
619 2045 637 2082 a
649 2027 754 2082 marcio
770 2027 894 2098 superati
909 2030 982 2082 sunt.
991 2029 1013 2081 I
1023 2031 1027 2096 Ι
1040 2021 1103 2098 tubat

119 2103 142 2170 (s
162 2101 225 2154 add.
239 2117 274 2153 nc.
290 2101 317 2168 1)
331 2100 358 2152 Β
371 2098 471 2152 tubam
487 2098 528 2168 01
544 2098 681 2153 sustinere
695 2102 735 2168 (re
749 2101 812 2154 add.
827 2117 861 2154 m.
876 2102 904 2169 1)
917 2100 945 2152 Β
959 2088 1104 2167 ildincuull

118 2173 211 2240 (prior
234 2188 246 2223 s
270 2177 388 2241 correcto
412 2187 445 2223 ex
467 2188 481 2223 r
503 2188 537 2225 m.
557 2172 584 2239 1)
603 2170 631 2224 Β
655 2172 660 2240 Ι
685 2169 846 2224 chornidius
865 2170 894 2239 (h
912 2187 998 2239 supra
1014 2160 1103 2226 enaim)

118 2244 147 2296 Β
178 2241 326 2296 chonidius
355 2241 379 2296 0
407 2240 549 2295 Comidius
577 2241 779 2310 Memnocones,
811 2240 953 2296 Gortidius
982 2241 1021 2308 (0.
1041 2237 1061 2292 I.
1079 2229 1102 2285 l·

124 2314 204 2369 ΠΗ
223 2316 288 2383 979)
316 2314 357 2368 nel
384 2310 552 2366 Considius?
578 2314 588 2382 ι)
616 2317 632 2364 5
660 2313 735 2382 apud
762 2328 844 2382 pares
875 2312 899 2367 0
924 2313 929 2383 Ι
959 2305 1103 2380 stoliditati!

119 2388 144 2455 (e
167 2387 200 2440 in
217 2384 227 2436 i
246 2386 362 2453 mutata)
381 2384 409 2437 B
428 2381 595 2439 stodilitatis
613 2385 645 2438 in
664 2382 831 2439 stoliditatis
849 2386 967 2439 ncntaoit
984 2383 1018 2437 N
1021 2383 1029 2413 ¹
1045 2371 1102 2432 sloh·

119 2456 194 2510 ditas
214 2456 240 2509 L
262 2459 272 2523 ΙΙ
295 2461 311 2509 6
335 2470 434 2524 gerens
458 2456 531 2524 (rens
553 2472 587 2509 nc.
609 2461 625 2508 1
648 2457 680 2509 in
701 2458 813 2525 rosana)
831 2455 859 2509 Β
879 2472 979 2525 gerens
998 2456 1026 2524 (n
1040 2457 1103 2517 snpra

118 2529 233 2596 censent)
256 2527 282 2579 L
302 2526 307 2596 1
328 2524 493 2578 suscitatam
516 2528 594 2578 motu
619 2526 668 2593 0))
692 2534 706 2580 1
731 2526 869 2580 fundebat
893 2526 946 2597 01)
968 2531 984 2579 8
1008 2541 1051 2580 ont.
1068 2509 1102 2581 Ol
1144 2558 1147 2573 ·

118 2600 299 2669 innumerum
318 2615 351 2682 (Η
369 2616 516 2682 eaepnncto)
530 2615 557 2667 Β
571 2615 610 2684 119
629 2614 750 2668 Thraces
769 2632 819 2669 ont.
836 2615 875 2685 0)
893 2632 957 2669 eum
970 2620 1031 2669 ante
1042 2606 1103 2663 unu
1145 2634 1147 2645 ·

119 2688 183 2741 add.
199 2687 331 2739 Halmius
349 2686 443 2738 autem
462 2687 525 2739 odd.
540 2687 562 2738 I
576 2688 685 2740 stante
703 2688 764 2739 tum
779 2687 898 2741 Iahnius
913 2689 917 2756 Ι
935 2683 1103 2739 nurnnssrssl
1144 2690 1147 2697 '

119 2755 243 2813 afrum
261 2770 305 2808 run
322 2769 464 2810 moruus·
485 2770 821 2826 nnsc1unaauu1nnn·‚-
837 2759 870 2811 N
880 2757 955 2811 Ante
972 2749 1104 2810 ΙιοετεῒῐΕΓ

119 2847 186 2900 gum
202 2826 324 2880 maxime
338 2826 457 2895 populus
473 2826 630 2880 desciuerat
643 2826 692 2881 ille
706 2829 732 2882 L
749 2831 753 2897 Ι
768 2830 836 2882 tunc
849 2830 946 2882 tamen
959 2815 1104 2882 romanulo

119 2918 148 2956 re
189 2901 255 2954 ante
274 2896 329 2951 sibi
348 2915 365 2950 a
384 2897 506 2951 romanis
526 2897 687 2954 disciscunt.
701 2916 768 2952 nam
782 2899 806 2953 is
820 2900 957 2954 barbaros
970 2901 992 2953 I
1003 2902 1007 2968 1
1021 2895 1104 2963 rhemi*

119 2975 150 3026 ta
162 2988 193 3026 ce
212 2972 240 3025 B
260 2967 433 3022 romaetalea
451 2972 473 3023 Ι
482 2973 491 3037 ΙΙ
506 2975 539 3022 10
558 2969 700 3024 Barbarus
722 2971 807 3035 Olet
825 2970 976 3041 disciplina
995 2971 1023 3023 et
1039 2962 1103 3032 signu

119 3040 290 3095 militaribus
309 3042 331 3093 I
349 3043 358 3108 Ι)
381 3045 413 3092 11
438 3040 522 3093 armis
546 3040 633 3095 etiam
655 3041 779 3095 romanis
800 3059 850 3097 ont.
871 3043 911 3112 ΙΙ
933 3039 1054 3096 assuerat
1067 3020 1103 3090 ll

120 3114 169 3167 sed
185 3114 248 3180 01)
264 3117 296 3164 12
316 3111 504 3164 ostendebant
518 3113 539 3164 I
549 3114 558 3182 Ι)
573 3118 605 3164 13
620 3129 686 3165 nam
700 3114 815 3167 catenas
829 3112 932 3183 quibus
947 3110 1033 3182 legati
1045 3093 1104 3160 oront

119 3183 257 3238 morsibus
276 3181 442 3236 uellicantes
461 3184 483 3235 I
501 3189 504 3238 l
527 3183 666 3237 morsibus
686 3187 776 3254 (prior
795 3202 808 3238 s
826 3202 913 3254 snpra
930 3200 1032 3240 versun
1047 3192 1073 3231 m·
1085 3164 1103 3230 l)

120 3254 153 3307 N
170 3257 174 3325 1
194 3254 264 3324 ipsis
283 3254 309 3307 L
327 3256 336 3322 l
356 3258 390 3305 14
407 3253 565 3322 puniebant
583 3256 730 3325 (posterior
747 3274 766 3309 n
784 3273 870 3326 snpra
887 3253 1043 3325 sensnm)B
