2386 3922
527 150 642 202 INDEX

94 314 190 372 6111.
217 307 348 362 Metellus
363 309 392 360 et
405 306 555 376 Pompeius

93 380 199 434 bellum
209 377 401 434 Sertorianum
411 379 557 433 externum

92 451 184 506 videri
197 450 346 505 voluerunt
359 449 556 519 uttriumpha-

93 525 157 576 rent
185 527 310 590 135,15.
350 519 556 590 triumphatum

94 611 111 647 a
130 593 262 662 Pompeio
281 609 358 647 mare
379 597 439 662 149,
455 599 470 646 6

73 664 325 733 triumphorum
335 663 424 718 XXIV
436 661 555 717 materia

91 737 123 790 in
149 735 262 790 Samnio
286 740 390 804 29,13.
432 734 554 788 Duillius

91 807 213 877 primum
226 805 399 859 maritimum
410 806 469 875 egit
478 808 498 860 t.
510 811 553 874 43,

92 885 133 933 14.
153 878 278 948 Regulus
286 877 554 945 classemtriumpho

92 966 208 1020 gravem
232 949 263 1003 in
288 948 386 1002 urbem
407 947 554 1017 praemisit

91 1027 195 1091 45,15.
232 1035 345 1090 pugnae
373 1021 443 1087 aput
468 1017 553 1087 Aegi·

90 1110 201 1145 murum
214 1091 372 1160 triumphus
384 1091 553 1159 tempestate

91 1162 237 1217 intercidit
250 1167 293 1230 47,
306 1167 382 1217 719.
411 1163 430 1214 t.
450 1161 552 1213 Roma·

89 1232 552 1373 diurbdntffflwddteraduldlddirli:

88 1394 174 1503 Ab
187 1375 308 1499 Alth
331 1375 429 1499 AT?
430 1373 552 1498 ”111⁶

87 1520 161 1590 phus
181 1515 359 1587 Carthaginis
379 1516 449 1569 arsit
469 1521 510 1583 76,
525 1521 550 1572 8.

88 1588 279 1644 Numantinus
309 1589 330 1642 t.
357 1586 413 1640 fuit
438 1590 551 1640 tantum

88 1663 124 1716 de
152 1659 265 1714 nomine
291 1662 399 1726 83,18.
438 1659 550 1727 opertus

88 1731 198 1787 catenis
211 1729 348 1799 Iugurtha
362 1728 394 1781 in
407 1728 549 1797 triumpho

86 1808 190 1873 88,19.
220 1801 250 1855 in
268 1803 288 1854 t.
303 1798 483 1869 Allobrogico
502 1816 551 1853 rex

87 1873 341 1938 Β11111111189,16.
381 1869 550 1940 dignitatem

86 1943 224 2014 triumphi
249 1941 345 1995 servili
367 1941 550 2010 inscriptione

86 2016 195 2072 violare
228 2031 286 2067 non
316 2013 379 2066 vult
409 2013 550 2081 Perperna

87 2095 148 2157 116,
160 2093 185 2142 8.
215 2084 346 2138 Ponticos
361 2086 391 2138 et
403 2084 550 2137 Armenios

86 2164 107 2214 t.
145 2159 176 2212 in
211 2154 390 2225 Pompeianis
432 2155 549 2209 theatris

59 2246 62 2255 ’
85 2233 177 2285 Roma
191 2227 328 2281 cantabat
339 2232 448 2295 140,10.
468 2229 549 2294 quat-

85 2306 152 2356 tuor
169 2302 190 2355 t.
205 2298 333 2353 Caesaris
349 2302 465 2365 153,10.
494 2297 550 2351 Au-

85 2375 186 2444 gustus
208 2370 350 2439 triumpho
369 2369 467 2440 augeri
486 2386 550 2423 con-

86 2442 232 2498 temnebat
244 2447 352 2509 179,17.
372 2440 549 2509 atriumphis

66 2512 548 2651 31933191313337

87 2657 228 2712 Gracchus
243 2657 477 2722 creatus118,15.
506 2651 547 2706 in-

85 2731 130 2783 ter
160 2726 320 2781 triumviros
357 2742 401 2779 res
433 2723 548 2794 publica

87 2799 218 2854 ordinata
247 2801 280 2851 ut
307 2799 419 2866 poterat
442 2801 506 2863 159,
523 2801 547 2849 9.

88 2871 229 2938 cf.141‚1

65 2941 310 2996 triumviratus
351 2937 429 2991 nullo
473 2937 547 2991 bono

85 3028 162 3067 more
188 3010 333 3065 invaditur
360 3010 396 3062 ab
424 3008 548 3062 Antonio

86 3084 206 3139 Caesare
223 3080 329 3149 Lepido
350 3085 408 3149 158,
425 3087 448 3134 1.

64 3159 247 3226 tropaeum
263 3167 378 3203 aureum
392 3151 427 3205 de
441 3151 546 3219 torqui-

84 3228 137 3281 bus
157 3224 302 3280 Gallorum
317 3221 378 3274 Iovi
391 3222 546 3275 Flaminius

85 3298 175 3352 erexit
198 3298 306 3363 50,11.
346 3292 469 3363 insignia
492 3293 547 3348 Ro-

85 3386 171 3423 mana
190 3367 275 3436 capta
284 3363 409 3417 Viriatus
425 3364 455 3417 in
468 3382 546 3419 mon-

84 3440 162 3494 tibus
178 3438 235 3492 suis
250 3440 366 3506 tropaea
378 3435 440 3489 fixit
450 3441 492 3505 80,
504 3442 545 3490 16.

82 3509 265 3580 Allobrogico
279 3510 299 3562 t.
315 3509 449 3562 exornata
461 3507 546 3562 armis

1027 148 1092 212 267

627 306 778 362 hostilibus
796 314 878 376 90,1.
908 308 1090 365 Teutobodus

628 395 712 449 super
729 381 750 434 t.
769 396 820 433 sua
835 380 978 435 eminebat
992 388 1088 450 91,13.

627 451 733 504 Drusus
747 450 1010 506 Marcomannorum
1028 470 1091 522 spo-

627 520 674 574 liis
698 521 837 575 tumulum
855 521 886 575 in
903 523 1014 592 tropaei
1031 543 1089 580 mo·
1177 557 1179 560 >

629 591 696 645 dum
714 592 836 646 excoluit
856 599 915 662 174,
932 599 947 647 7

609 664 694 716 tuba
729 663 909 733 praecinente
942 663 1089 722 Corinthos

627 735 721 788 deleta
733 740 774 803 77,
785 740 809 790 4.
836 735 925 790 Moesi
939 754 990 791 nec
1005 737 1089 793 tubas

627 804 765 860 sustinere
783 809 935 875 potuerunt
955 814 1013 876 179,
1029 815 1045 861 3

609 875 738 945 Tullia,
766 894 836 931 uxor
863 878 1010 946 Tarquinii
1038 881 1089 934 Su-

626 947 713 1017 perbi,
729 965 813 1017 supra
824 951 970 1002 cruentum
978 953 1089 1019 patrem

625 1021 708 1072 vecta
726 1022 859 1088 carpento
879 1025 971 1087 13,14

607 1088 637 1142 in
660 1090 697 1143 M.
718 1089 868 1143 Tullium
892 1089 1088 1146 Ciceronem

625 1163 655 1214 et
668 1161 822 1215 Antonium
840 1179 909 1216 coss.
929 1163 1085 1219 coniuratio

626 1232 766 1286 Catilinae
784 1232 886 1286 incidit
906 1239 1023 1301 137,13.
1057 1236 1085 1290 C.

624 1303 765 1357 industria
790 1304 1012 1358 coniurationem
1036 1323 1086 1376 pa·

624 1374 845 1444 teleoit137,14.
872 1375 971 1429 habito
987 1380 1087 1430 senatu

624 1444 655 1498 in
677 1447 854 1515 praesentem
878 1462 956 1500 reum
974 1465 1085 1517 perora-

623 1516 667 1569 vit
685 1522 802 1586 137,16.
832 1517 892 1571 eius
911 1517 1029 1587 imperio
1043 1519 1085 1573 in-

623 1587 697 1641 iecta
711 1588 814 1657 legatis
829 1587 1014 1658 Allobrogum
1027 1608 1087 1644 ma-

622 1676 675 1712 nus
692 1664 751 1726 138,
766 1664 790 1713 5.
821 1659 943 1712 recisum
960 1661 1020 1714 eius
1040 1678 1085 1714 ca-

621 1733 673 1800 put
692 1730 722 1783 in
741 1729 799 1784 illis
819 1730 876 1783 suis
895 1731 992 1785 rostris
1012 1732 1085 1787 vidit

621 1801 711 1856 Roma
730 1806 847 1870 15818.
880 1802 940 1855 eius
959 1803 1085 1857 consiliis

622 1873 741 1927 abolitio
767 1873 863 1928 caedis
887 1873 1013 1928 Caesaris
1038 1875 1085 1930 de-

622 1947 698 1998 creta
718 1951 809 2013 159,3

603 2014 725 2068 Tullus
744 2035 769 2069 v.
789 2015 927 2069 Hostilius

604 2086 771 2139 tumultus
798 2087 890 2156 magis
917 2105 1003 2154 quam
1026 2088 1085 2142 bel-

621 2156 681 2208 lum
704 2156 806 2209 seditio
827 2158 963 2210 Herdonii
983 2165 1042 2228 125,
1059 2165 1082 2214 4.

621 2227 728 2280 bellum
749 2227 831 2281 civile
850 2228 1009 2296 Marianum
1027 2231 1084 2300 pri-

621 2316 698 2351 mum
722 2299 846 2350 tumultu
868 2299 975 2353 maiore
999 2318 1084 2368 quam

621 2370 696 2423 bello
711 2369 852 2439 agitatum
862 2375 921 2437 130,
933 2376 956 2423 1.
982 2387 999 2423 a
1012 2371 1083 2425 Cae-

620 2441 1085 2512 tulistumultuatummagisquam

620 2512 758 2566 bellatum
778 2517 886 2580 176,16

603 2583 640 2636 ad
668 2582 830 2650 tumulos,
863 2599 932 2650 quos
962 2582 1082 2652 Cynoce-

620 2654 721 2724 phalas
730 2656 841 2723 vocant,
854 2671 939 2708 ausus
950 2656 1083 2725 congredi

619 2725 767 2794 Philippus
787 2731 886 2794 63,13.
924 2727 1039 2796 Alpium
1062 2731 1082 2783 t.

620 2797 764 2850 insederat
773 2797 971 2869 Tigurinorum
983 2815 1082 2850 manus

621 2872 667 2936 93,
688 2873 712 2923 8.
751 2869 883 2924 Baleares
916 2869 1020 2937 dilapsi
1052 2868 1083 2921 in

619 2939 760 3007 proximos
779 2942 799 2993 t.
821 2946 938 3006 105,16.
971 2956 1022 3007 per
1040 2938 1082 2991 in-

619 3009 680 3064 vios
699 3010 791 3064 hieme
810 3010 925 3079 Alpium
943 3011 963 3064 t.
980 3008 1083 3063 Caesar

620 3080 650 3134 in
665 3080 787 3134 Galliam
801 3081 875 3134 redit
890 3086 949 3146 110,
961 3086 983 3133 2.
1016 3080 1082 3134 Cas·

619 3151 676 3204 sius
694 3168 709 3206 e
722 3151 829 3221 proelio
844 3151 920 3220 apud
933 3151 1080 3222 Philippos

619 3222 716 3276 evadit
742 3222 772 3273 in
799 3224 818 3275 t.
846 3228 959 3282 160,16
1003 3225 1023 3277 t.
1052 3223 1082 3276 in

618 3292 728 3362 tropaei
759 3294 873 3346 modum
899 3294 1005 3347 Drusus
1034 3311 1080 3348 ex-

619 3363 706 3417 coluit
725 3369 816 3431 174,6

600 3435 740 3488 tunicae
768 3435 941 3505 palmatae
970 3436 1035 3491 inde
1062 3455 1079 3490 a

619 3505 771 3574 Tarquinio
789 3507 884 3561 Prisco
904 3513 994 3576 1a,1c
