2386 3922
399 150 602 205 PRAEFATIO
619 151 790 204 EDI'I'ORIS
1039 150 1098 205 Lxl

74 319 211 395 popam
238 309 301 400 (p)
324 318 362 379 R.
383 336 432 378 res
448 336 481 392 p.
508 318 540 377 in
568 318 752 394 exemplaria
779 338 839 379 non
867 320 1000 380 tronum
1030 320 1097 380 nsui

79 407 239 468 destinata
266 407 400 484 recipere
431 407 531 467 liceat
577 408 658 484 quod
689 406 715 466 si
746 407 935 485 frequentius
967 408 1097 469 editores

79 497 229 557 fecissent
241 515 340 574 neque
354 496 537 573 scriptorum
554 496 647 556 verba
664 495 704 556 ad
722 495 914 556 Brambachii
932 498 1097 560 aliorumve

80 587 168 664 leges
196 584 393 662 adaptassent
421 585 617 662 codicumqne
645 585 744 646 varias
772 585 917 645 lectiones
940 587 1096 665 orthogra-

80 675 189 753 phicas
212 674 369 752 graviores
392 692 429 733 ne
452 673 484 732 in
507 673 701 733 adnotatione
725 674 848 751 quidem
872 680 1097 753 memorassent,

81 765 146 824 iam
175 763 289 823 certius
315 762 455 822 iudicari*
470 764 573 839 posset
600 762 637 821 de
665 762 850 838 optimorum
876 766 908 823 et
929 765 1098 824 vetustissi-

81 872 205 913 morum
227 850 374 910 librorum
396 850 612 928 orthographia
635 854 666 910 et
688 851 725 910 de
748 851 870 929 linguae
894 851 1020 912 Latinae
1045 873 1100 930 per

80 942 208 1002 saecula
230 940 363 1017 scriptae
384 939 654 1001 vicissitudinibus.
687 959 757 998 nam
780 941 872 1000 etiam
894 960 974 1000 nnnc
996 942 1100 1001 valent

80 1035 113 1091 ct
138 1029 300 1091 verissima
326 1033 400 1089 sunt
427 1047 505 1106 quae
529 1026 561 1088 0.
583 1027 617 1088 L.
640 1022 769 1087 Rothins
798 1034 868 1089 ante
892 1030 946 1089 hos
970 1031 1098 1109 qnadra-

81 1121 171 1198 ginta
209 1136 305 1178 annos
343 1117 465 1195 scripsit
499 1117 531 1176 in
568 1116 756 1193 praefatione
787 1117 928 1178 editionis
962 1118 1100 1179 Suetonii

81 1201 127 1291 (p.
146 1198 306 1289 mvn:
329 1207 486 1266 Mmodum
502 1223 605 1280 pauca
626 1208 660 1264 ic
676 1206 722 1264 tie
738 1208 825 1266 reone
843 1211 951 1268 emmas
969 1212 996 1267 ct
1007 1209 1100 1282 plura

83 1297 217 1357 discmdc'
247 1297 376 1370 facultas
408 1297 521 1356 tamdiu
552 1296 689 1368 occupa
720 1298 791 1364 crit,
827 1298 968 1370 quamdiu
1004 1314 1100 1356 coasc-

84 1390 203 1461 paentas
230 1403 304 1454 csse,
333 1388 367 1444 ut
390 1385 528 1444 todicrm
555 1386 640 1443 verbo
667 1388 748 1452 utar,
775 1386 809 1444 id
835 1390 877 1444 cst
903 1388 1052 1460 opiniones
1075 1390 1101 1445 et

82 1475 270 1549 praecurso
292 1476 374 1548 nepai
394 1491 484 1547 quma
505 1477 674 1533 vetustates
696 1474 848 1548 explorare
869 1476 1017 1534 molesme.

150 1564 224 1624 Non
255 1563 337 1641 fugit
367 1560 401 1622 Ο.
426 1555 612 1642 lahnium1),
650 1581 719 1621 cum
756 1562 903 1622 subitaria
933 1583 1100 1641 pancorum

86 1653 237 1713 mensium
260 1670 352 1729 opera
373 1651 498 1711 Florum
521 1651 735 1730 recensuisset,
758 1652 949 1729 aliquantum
972 1653 1010 1712 ad
1031 1672 1100 1731 per-

88 1742 249 1802 fectionem
277 1739 423 1817 editionis
454 1758 528 1800 snae
560 1740 742 1819 desiderari,
779 1741 860 1818 quod
893 1761 941 1802 res
973 1741 1011 1802 ab
1043 1743 1100 1802 hoc

90 1831 219 1890 traditas
246 1849 306 1889 non
334 1829 407 1889 satis
435 1833 575 1889 accumte
602 1848 671 1889 cum
700 1829 738 1889 iis
762 1850 840 1907 quae
864 1832 917 1890 alii
938 1831 1100 1908 scriptores

88 1922 291 1980 narraverunt
322 1918 517 1996 compararit.
567 1918 648 1996 quod
679 1937 747 1978 cum
775 1938 830 1999 ego
857 1920 1006 1999 fecissem,
1040 1921 1100 1997 pri-

88 2028 172 2068 mum
190 2009 224 2068 in
242 2008 342 2068 animo
362 2011 427 2067 erat
446 2025 548 2067 omnes
567 2026 671 2068 eornm
688 2008 770 2068 locos
789 2009 962 2087 quicunque
981 2009 1101 2070 easdem

88 2117 134 2158 res
162 2098 214 2160 vel
241 2097 357 2172 prolixa
384 2095 557 2155 narratione
584 2096 745 2156 memoriae
773 2097 971 2172 prodiderunt
997 2098 1046 2158 vel
1069 2098 1100 2155 in

87 2191 265 2246 transcursu
292 2188 413 2245 tantum
436 2184 607 2262 attigerunt
629 2184 811 2259 adscribere,
839 2186 891 2243 sed
913 2205 982 2245 mox
1005 2185 1101 2244 abieci

88 2275 249 2336 consilium
281 2273 419 2352 quamvis
450 2273 488 2333 ab
516 2273 620 2333 amicis
651 2275 687 2331 ut
716 2290 895 2350 exsequerer
921 2273 1100 2350 admonitus,

87 2365 161 2442 qnia
183 2363 383 2440 redemptoris
406 2361 610 2422 honestissimi
632 2358 801 2420 rationibus
823 2378 992 2438 repugnare
1019 2361 1101 2420 vide·

87 2453 158 2512 bam
192 2455 224 2512 et
256 2451 425 2529 pericnlum
456 2454 522 2511 erat
551 2470 587 2510 ne
615 2449 780 2510 innumeris
808 2449 869 2509 illis
897 2448 971 2508 locis
999 2449 1101 2509 allatis

86 2541 244 2601 adnotatio
280 2540 312 2599 in
350 2540 475 2599 nimiam
511 2540 621 2599 molem
653 2542 860 2600 succresceret.
919 2537 1100 2616 ubicumque

86 2633 191 2690 tamen
211 2629 373 2706 scriptores
392 2629 497 2688 eadem
514 2631 671 2688 narrantes
690 2627 807 2706 aliquid
825 2629 863 2688 ad
882 2626 972 2688 crisin
985 2627 1100 2688 Floria·

87 2737 160 2778 nam
179 2719 314 2778 conferre
333 2717 478 2784 intellexi,
498 2735 601 2776 eorum
620 2717 712 2778 verbs
728 2718 902 2796 memoravi,
921 2717 1002 2776 unde
1019 2717 1102 2776 hand

87 2826 159 2867 raro
178 2798 222 2889 (v.
236 2828 265 2884 p.
277 2809 306 2886 8,
324 2809 377 2884 133
401 2809 456 2881 163
481 2808 604 2884 32,19;
629 2808 750 2882 55,18;
775 2809 825 2886 65,
841 2809 896 2883 21;
922 2807 1021 2884 70‚5;
1044 2809 1100 2883 13¹3

88 2899 164 2976 100,
185 2898 218 2974 53
250 2898 320 2973 106,
341 2898 374 2973 83
404 2897 477 2970 109,
497 2896 530 2974 93
562 2896 634 2973 175,
656 2896 708 2973 153
733 2887 840 2977 alibi²)
862 2894 1000 2955 nonnihil
1022 2913 1101 2953 emo·

162 3103 188 3168 1)
206 3100 293 3223 praef.
312 3119 338 3170 p.
356 3099 480 3154 xxxrv.

161 3174 189 3240 2)
220 3188 302 3225 ocum
324 3170 405 3224 illum
428 3172 462 3225 de
487 3171 590 3242 prandi
611 3169 778 3224 Iudaeorum
801 3186 905 3224 arcanc
929 3186 946 3223 a
968 3167 1101 3236 Pompeio

86 3243 118 3297 in
141 3241 250 3311 templo
273 3241 529 3312 Hierosolymitano
553 3242 702 3310 conspecto
725 3243 762 3310 (p.
785 3243 913 3310 100,13)
936 3257 1004 3292 num
1027 3241 1103 3293 recte

86 3314 131 3368 ita
158 3313 361 3383 interpretatus
389 3313 442 3367 sim
469 3314 502 3366 ut
523 3311 622 3365 Florus
649 3313 699 3366 sub
727 3329 814 3366 aurea
842 3313 896 3366 cite
923 3311 1034 3365 Ocelum
1057 3309 1103 3364 dei

87 3383 168 3440 Caeli
187 3387 311 3440 statuam
330 3384 382 3438 sub
401 3400 487 3439 aurea
505 3381 579 3451 vite,
599 3385 631 3438 ut
648 3384 829 3436 monumenta
844 3380 1019 3450 Babylonica
1037 3381 1103 3436 dae·

86 3473 189 3510 monas
205 3457 342 3523 quosdam
357 3455 579 3524 repraesentant,
598 3452 721 3524 positam
735 3451 865 3522 intellegi
877 3451 1007 3522 voluerit,
1025 3452 1103 3507 vide-

86 3527 146 3583 rint
165 3525 224 3582 alii.
260 3527 314 3581 hec
332 3526 433 3580 saltem
452 3527 564 3580 constat
581 3525 657 3580 Flori
679 3523 766 3580 verba
788 3525 821 3577 ut
843 3521 873 3577 in
895 3522 1039 3578 codicibus
1063 3524 1102 3579 le-
