2386 3922
371 167 572 219 PRAEFATIO
592 167 763 219 EDITORIS
1026 165 1075 219 LV

57 335 103 394 IX
127 325 246 414 5,10);
269 331 300 392 II
320 335 370 408 18,
390 335 409 393 8
433 324 478 414 (S.
496 325 685 414 Pompeius),
716 334 792 407 qaod
814 335 1010 395 mammam
1034 339 1075 394 cst

55 424 184 497 sortibus
206 423 288 490 airis,
318 422 358 482 ad
379 422 504 482 bostiam
531 423 686 481 arbitram
714 423 767 482 sab
792 440 965 496 percussore
986 426 1074 483 mort-

55 517 144 572 tarra
168 501 220 592 (cl.
243 510 279 570 de
302 503 570 680 1161611114),
602 510 673 570 ibid.
698 514 715 570 7
740 529 865 585 mayaco
886 513 994 573 indolis
1017 515 1073 586 sip-

55 620 131 661 aam
164 603 206 659 ost
235 617 355 674 sperare
386 617 498 674 sarrpcr
545 599 583 658 cf.
607 599 693 676 epist.
717 619 790 659 mor.
816 599 918 658 XVIII
943 603 975 676 1,
1004 594 1072 682 12);

57 690 203 767 1111‚4
229 706 266 748 aa
292 689 412 747 aobncra
439 689 587 748 curatione
614 691 682 762 ipso
704 689 936 753 rescinderentur
959 680 1011 770 (cf.
1036 690 1073 749 ad

57 779 149 838 Marc.
171 781 199 855 1,
219 769 267 859 8);
289 777 305 837 Ι
326 780 354 854 9,
374 779 392 836 2
412 778 484 850 ptas
507 794 568 837 csse
589 779 622 837 aa
644 780 764 851 imperio
788 795 876 851 qaam
897 780 930 836 tn
953 780 1074 838 victoria

56 861 113 950 (af.
135 866 223 942 epist
246 885 320 926 mor.
343 865 414 925 XIX
437 867 471 944 4,
491 858 562 946 30),
584 866 600 925 Ι
620 868 676 943 18,
695 869 735 931 22
755 868 871 926 araca
1013 867 1075 938 fore

53 955 229 1030 mapataao
248 955 462 1014 calamitatibus
480 956 662 1029 adprobatur
680 946 733 1036 (cf.
748 955 784 1014 de
798 955 894 1014 benef.
910 954 956 1014 HI
972 957 1022 1030 18,
1039 958 1073 1031 2,

55 1045 148 1123 epist
177 1063 251 1105 mor.
280 1043 323 1102 IX
347 1046 380 1121 5,
405 1035 462 1123 19)
490 1061 559 1103 cum
583 1044 672 1110 :ullo
703 1044 763 1103 alio
796 1044 940 1121 scriptore
972 1045 1073 1120 aptius

52 1153 153 1212 quam
175 1151 244 1192 cum
263 1132 376 1192 Seneca
396 1138 618 1209 comparantur.
655 1132 735 1210 quod
759 1136 862 1192 autem
881 1132 981 1192 omnia
999 1133 1073 1192 haec

54 1221 199 1298 exempla
230 1239 249 1281 a
280 1220 343 1281 filio
375 1241 434 1283 non
463 1240 486 1280 a
517 1225 604 1298 patra
631 1220 730 1299 petita
757 1225 828 1281 suut
855 1240 915 1280 non
942 1222 1074 1281 multum

52 1311 197 1388 interest,
221 1309 292 1387 quia
315 1329 419 1375 corun
442 1310 560 1370 dicendi
583 1328 678 1388 genus
702 1309 864 1370 admodum
886 1310 985 1369 simile
1009 1329 1073 1370 esse

52 1401 181 1461 constat
208 1402 239 1458 et
260 1398 362 1478 pasis
388 1399 531 1458 historias
562 1419 580 1459 a
602 1399 665 1459 filio
689 1398 803 1458 editore
826 1399 924 1458 multa
946 1401 1072 1459 traxisse

10 1538 12 1547 .
53 1506 182 1555 necem
202 1490 260 1548 est.

10 1640 13 1649 ,
125 1576 284 1636 Accedunt
307 1577 399 1636 etiam
421 1577 562 1654 graviora
584 1579 772 1654 argumenta.
799 1577 860 1635 iam
883 1595 920 1636 ea
941 1596 973 1636 re
993 1577 1072 1653 quod

10 1720 20 1729 .
56 1666 169 1726 Florus
195 1664 400 1725 narrationem
427 1684 487 1725 non
511 1665 549 1724 ad
578 1684 633 1724 sua
659 1684 756 1742 usque
779 1668 916 1742 tempora
940 1665 1072 1743 deduxit,

10 1754 18 1813 ξ
58 1754 112 1821 sed
140 1773 216 1832 pace
243 1754 282 1813 ab
305 1753 447 1832 Augusto
475 1773 544 1813 cum
565 1754 687 1814 Parthis
715 1755 796 1814 facta
824 1758 856 1814 et
879 1753 952 1814 Iano
976 1755 1013 1814 ab
1037 1775 1072 1816 eo

10 1842 27 1923 ³·
57 1845 164 1904 clauso
191 1843 379 1921 terminarit,
407 1842 505 1920 magis
532 1862 603 1904 vero
632 1843 724 1903 etiam
752 1843 832 1920 quod
855 1843 1013 1920 Pompeios
1042 1847 1073 1903 61

10 1944 24 2009 ,ς’
58 1932 296 2010 Herculaneum,
330 1932 440 2009 oppida
473 1950 528 1990 sua
556 1936 656 1992 aetate
684 1932 799 1992 dudum
826 1932 947 2010 obruta,
985 1934 1072 2010 quasi

57 2021 174 2081 stantia
196 2039 231 2080 ac
254 2021 339 2081 salva
361 2024 508 2082 memorat
531 2012 562 2102 (Ι
583 2024 635 2097 11,
657 2013 691 2102 6)
718 2025 749 2081 61
772 2022 890 2098 aquilas
914 2021 989 2081 duas
1011 2022 1071 2080 Va·

10 2108 13 2123 '
58 2109 138 2169 riani
165 2108 329 2186 exercitus,
361 2127 437 2186 quas
470 2109 532 2167 iam
559 2108 754 2169 Germanicus
780 2113 948 2186 receperat,
980 2111 1072 2170 etiam

59 2201 125 2258 tum
149 2217 169 2258 a
190 2197 327 2259 barbaris
349 2198 446 2257 teneri
468 2196 576 2272 tradit,
604 2197 782 2257 historicum
812 2197 963 2274 quendam
985 2203 1071 2259 vetu-

57 2287 184 2347 stiorem
206 2286 244 2346 ab
267 2306 302 2347 ao
325 2304 498 2363 expressum
522 2303 586 2344 essa
609 2284 763 2361 probatur.
800 2305 889 2360 quem
912 2287 1072 2362 quominus

57 2375 182 2437 Livium
203 2378 346 2453 putemus
369 2375 430 2434 iam
453 2374 534 2434 haud
557 2392 655 2450 pauca
678 2374 732 2432 illa
755 2373 877 2434 obstant
899 2375 930 2432 in
955 2373 1071 2451 quibus,

54 2469 97 2525 ut
118 2465 277 2542 periochae
301 2464 417 2542 docent,
440 2483 458 2522 a
481 2464 571 2523 Floro
595 2463 775 2523 discedebat
821 2461 927 2522 deinde
950 2462 1072 2523 Livium

58 2552 323 2631 Pompeiocontra
337 2552 495 2613 Caesarem
509 2552 620 2614 favisse
635 2556 666 2612 et
683 2552 727 2612 roi
744 2551 884 2629 publicae
898 2551 1071 2611 condicione

56 2642 98 2702 ab
112 2641 254 2720 Augusto
274 2643 441 2702 constituta
460 2662 520 2702 non
539 2642 659 2702 omnino
679 2646 854 2702 contentum
873 2641 966 2700 fuisse
984 2660 1071 2700 nemo

55 2730 164 2809 nascit,
187 2731 295 2790 Florus
322 2751 393 2792 vero
423 2730 547 2791 summis
573 2732 654 2791 hunc
682 2731 825 2790 laudibus
849 2729 935 2789 effert
957 2733 989 2789 et
1011 2731 1072 2789 iam

56 2824 130 2880 ante
155 2818 271 2879 obitum
302 2824 458 2880 consecrat
481 2813 597 2901 (1134,
618 2813 683 2900 66).
729 2820 869 2880 similiter
892 2822 996 2878 autem
1019 2818 1071 2877 Se-

54 2927 164 2969 necam
196 2912 313 2984 patrem
350 2909 387 2968 de
420 2927 454 2967 6ο
486 2909 636 2968 iudicasse
668 2913 699 2969 et
729 2909 798 2968 iude
834 2907 967 2968 conicere
1000 2907 1073 2966 licat

55 2997 143 3075 quod
166 2997 313 3074 eiusque
337 2999 376 3056 ad
400 2997 513 3056 Tiberii
535 3001 661 3056 mortem
684 2999 717 3057 in
743 3017 845 3056 rerum
867 2997 1071 3056 Romanarum

56 3085 232 3145 narratione
268 3104 426 3162 progresso
463 3085 553 3143 huius
594 3086 803 3146 crudelitatem
836 3105 904 3145 cum
936 3085 1072 3162 Augusti

55 3173 265 3234 moderatione
293 3174 472 3235 contendere
500 3172 610 3233 licebat
638 3177 669 3233 61
696 3176 768 3252 quia
791 3175 885 3250 filius,
914 3173 967 3251 qui
996 3192 1071 3250 quas

55 3263 196 3323 ediderat
226 3264 322 3338 patris
354 3263 495 3323 historias
527 3267 708 3339 permoverat
740 3266 771 3323 et
801 3263 883 3322 haud
909 3281 1007 3340 pauca
1035 3281 1071 3321 ex

56 3353 96 3412 iis
115 3351 202 3411 libris
221 3353 284 3412 suis
302 3351 510 3430 philosophiae
529 3350 690 3411 inseruisse
710 3343 871 3432 videtur1),
890 3352 1006 3411 multus
1025 3359 1071 3411 ast

58 3509 62 3513 .
132 3471 158 3538 1)
176 3486 202 3523 v.
220 3468 525 3523 τ116861166661166116,
541 3467 731 3522 atemendat.'
752 3485 779 3536 p.
796 3473 846 3522 111
860 3484 900 3535 sq.
920 3469 949 3522 61
964 3466 1070 3522 Seneca

57 3543 117 3596 nat.
138 3541 246 3608 quaest.
266 3540 336 3607 Ι16,
353 3546 376 3596 1.

785 3785 793 3817 1
