2386 3922
279 174 472 229 vnnomms
491 175 638 229 essuos
654 176 704 230 sn
721 177 840 228 rosus
1011 174 1075 240 185

64 340 223 422 Tonantis,
250 348 281 402 et
307 359 324 401 a
349 341 441 402 latere
464 343 578 402 vicinas
601 340 741 421 Cycladas
760 340 892 402 salutavi.
938 343 1006 402 inde
1030 361 1077 403 me

63 428 186 490 Rhodos
208 426 232 509 †
256 436 285 490 et
307 429 344 491 ah
367 447 508 509 regressu
529 431 706 510 Aegyptium
728 429 864 512 pelagus,
888 438 921 491 ut
944 450 995 491 ora
1019 431 1078 491 Nili

65 518 197 581 viderem
217 525 247 579 et
269 519 411 598 populum
431 537 550 598 semper
568 521 599 579 in
617 518 736 598 templis
756 521 884 581 otiosum
902 523 1077 598 peregrinae

67 607 136 670 deae
161 610 251 668 sistra
270 607 446 687 pulsantem.
480 608 550 668 inde
568 627 673 669 rursus
692 607 804 668 ltaliam
824 609 908 689 redii,
932 616 962 668 et
980 609 1077 668 taedio

10 734 14 781 3
40 699 155 758 smaris
190 715 259 758 cnm
290 697 507 759 mediterranea
540 700 760 778 concupissem,
798 707 918 758 secutus
951 696 1077 757 Gallicas

10 804 18 865 ²,
69 785 152 867 Alpes
175 785 270 847 lustro
292 785 418 866 populos
442 785 579 865 aquilone
597 786 749 866 pallentes.
786 786 855 847 inde
875 785 920 847 sol
939 786 1077 846 occidens

10 874 15 919 l
69 875 187 954 placuit:
206 874 294 935 llecto
313 892 443 936 cursum.
479 881 525 935 set
543 877 642 935 statim
660 894 714 954 par
731 875 865 956 horrore,
883 894 938 955 par
955 878 1077 956 vertice,

70 983 118 1043 par
138 963 189 1025 illc
212 962 331 1025 nivibus
354 963 469 1042 Alpinis
489 962 658 1042 Pyrenaeus
682 967 807 1043 excepit.
844 965 935 1045 videS,
958 964 1077 1045 hospes,

19 1116 23 1123 ,
72 1071 139 1132 quae
153 1054 249 1133 spatia
264 1052 338 1114 caeli
352 1055 582 1133 peragraverim,
596 1071 671 1132 quae
686 1056 777 1112 maris
792 1072 903 1132 quaeve
918 1062 1075 1114 terrarum.

10 2354 15 2567 ,

72 1159 125 1202 non
155 1140 243 1202 ahter
275 1141 474 1221 mehercules,
507 1143 533 1201 si
566 1141 701 1201 conferre
733 1145 832 1220 parvis
865 1161 969 1221 magna
997 1142 1076 1222 licet,

73 1247 148 1292 sacer
183 1229 233 1291 ille
266 1232 383 1291 iuvenis
415 1237 511 1290 terras
542 1230 741 1311 pervolitavit,
778 1233 826 1291 cui
858 1232 949 1291 Terra
982 1238 1077 1291 mater

73 1337 187 1399 capaces
206 1326 380 1380 oneraverat
398 1318 534 1398 frugibus
553 1321 688 1399 amictuS,
712 1328 828 1380 etcum
847 1319 915 1380 alite
936 1328 1075 1398 serpente

72 1425 185 1470 ourmm
207 1411 272 1488 ipsa
290 1410 447 1488 iunxisset,
470 1410 530 1468 nisi
547 1414 610 1468 toto
629 1407 701 1468 orbe
720 1416 874 1487 peragrato
894 1411 988 1469 vetnit
1006 1428 1075 1469 snas

70 1497 162 1558 redire
182 1504 347 1576 serpentes.
380 1496 468 1557 liceat
487 1515 557 1576 ergo
576 1496 696 1557 tandem
716 1497 835 1576 fatigato
854 1497 903 1557 hic
917 1497 1074 1576 aliqnando

69 1585 269 1647 subcumbere.
316 1588 342 1646 si
369 1585 493 1665 Scythes
520 1604 632 1666 essem,
660 1588 719 1645 iam
745 1585 877 1665 plaustra
905 1585 1074 1667 solvissem;

68 1676 94 1734 si
108 1694 198 1754 vagus
217 1674 406 1755 gubernator,
424 1677 483 1734 iam
502 1675 597 1735 dicata
616 1674 713 1754 pelagi
732 1675 804 1735 deae
818 1693 907 1754 prora
921 1676 1074 1754 penderet.

66 1780 216 1844 quousque
239 1760 432 1842 vagnhimnr?
455 1782 492 1823 an
516 1783 635 1843 semper
657 1764 791 1844 hospites
815 1761 949 1825 erimus?
994 1765 1073 1824 serae

64 1851 159 1914 cubile
190 1854 379 1933 prospiciunt
410 1860 440 1913 et
471 1871 540 1912 aves
573 1860 734 1914 senescunt
766 1856 798 1914 in
829 1854 907 1914 nido.
957 1856 984 1913 si
1016 1853 1073 1913 sata

62 1935 184 2002 Romam
202 1947 312 2021 negant
328 1943 463 2022 patriam,
483 1941 581 2001 saltim
598 1941 648 2002 hic
667 1961 786 2002 manere
806 1946 965 2022 contingat.
1002 1943 1072 2022 quid

64 2030 140 2108 qnod
163 2030 347 2092 consuetudo
371 2049 420 2090 res
442 2032 529 2090 fortis
553 2037 608 2090 est.
647 2037 677 2090 et
700 2049 769 2091 ecce
793 2033 851 2091 iam
875 2032 1073 2092 familiaritate

62 2122 201 2180 continua
225 2121 328 2180 civitas
351 2119 438 2179 uobis
461 2121 525 2197 ipsa
547 2117 712 2198 blanditur,
741 2137 829 2198 quac,
853 2121 952 2198 siquid
975 2121 1073 2180 credis

60 2208 134 2268 mihi
156 2211 209 2288 qui
231 2206 324 2268 multa
348 2210 480 2287 cognovi,
504 2209 636 2267 omnium
660 2225 762 2266 earum
786 2226 860 2286 quae
884 2208 920 2267 ad
942 2211 1072 2287 quietem

61 2295 211 2377 eliguntur
243 2299 411 2376 gratissima
443 2303 497 2356 est.
549 2294 692 2375 populum
724 2294 821 2375 vides,
853 2313 870 2354 o
902 2295 1010 2374 hospes
1044 2304 1074 2357 et

134 2493 148 2540 1
173 2485 308 2541 invitavit
331 2492 394 2540 onte
416 2484 481 2539 inde
500 2486 564 2541 adol.
580 2484 819 2554 Freodenberpios
844 2487 848 2552 Ι
871 2500 928 2552 me,
952 2485 1025 2554 qood
1043 2486 1074 2538 in

58 2558 150 2613 coeio
177 2559 305 2615 deletum.
320 2573 373 2611 esse
394 2559 561 2626 putabatur,
589 2558 686 2611 omisso
709 2555 829 2610 Rhodon
851 2555 1007 2625 Schopeeos
1028 2571 1073 2609 me

57 2618 174 2683 Rhodos
193 2627 296 2682 hebuit
312 2626 470 2697 ingressum
483 2627 656 2698 Aegyptium
673 2626 791 2696 pelagus
806 2626 989 2682 Memnocones
1007 2626 1074 2682 inde

10 2758 15 2779 ι
57 2707 105 2752 Ine
118 2698 231 2753 Rhodos
246 2699 326 2753 stab
341 2715 469 2770 regressu
478 2699 651 2770 Aegyptium
663 2698 782 2768 pelagus
798 2696 897 2751 allexit
906 2699 1073 2754 Ritschclios

10 2788 13 2807 ·
56 2768 178 2832 pellexit
191 2770 309 2840 pelagus
324 2770 469 2840 Hauptios
482 2788 573 2840 opusc.
584 2772 640 2825 ΙΙΙ
647 2777 702 2824 586
716 2769 834 2839 pelagus
850 2770 967 2824 attraxit
981 2771 1073 2825 Boch-

55 2843 176 2910 renot'us,
195 2858 234 2895 oo
252 2843 281 2894 et
299 2840 336 2894 eb
354 2841 409 2895 hec
427 2859 584 2911 regressum
597 2840 768 2911 Aegyptium
783 2840 893 2909 excepit
907 2843 958 2910 (vel
970 2841 1073 2909 tenuit)

55 2911 198 2982 pelagus?
215 2913 272 2967 nisi
288 2913 358 2978 forte
372 2915 459 2982 pluro
473 2915 633 2968 exciderunt
646 2915 656 2981 ΙΙ
670 2918 685 2966 2
706 2911 852 2982 egyptium
866 2911 886 2980 (i
899 2928 958 2981 sup.
972 2914 1050 2981 cers.)
1063 2911 1074 2983 [1

55 2979 76 3029 4
99 2982 172 3038 redii
194 2989 342 3038 correctum
365 3001 399 3038 eac
419 2982 480 3036 uidi
497 2985 507 3052 ll
527 2991 542 3037 5
565 2981 654 3036 medit
677 2999 834 3038 erraneam:
863 3000 931 3038 corr.
956 2983 1073 3037 Momm-

54 3060 139 3110 ⁸enos
165 3053 402 3108 mediterraneam
427 3053 542 3123 plagam
564 3069 679 3108 noscere
703 3054 927 3123 concupiscerem
949 3055 1070 3109 Bitsche·

55 3113 113 3181 livos
138 3129 142 3195 Ι
167 3125 361 3195 concupissem
388 3142 457 3180 corr.
485 3143 518 3178 ee
543 3124 739 3193 concepissem
764 3129 768 3195 Ι
794 3143 855 3178 sum
873 3131 938 3194 post
960 3127 1072 3179 secutus

55 3196 123 3253 aad.
141 3198 309 3253 Bitschclios
331 3197 340 3268 ll
363 3205 378 3251 6
402 3196 432 3249 et
455 3203 517 3250 onte
540 3195 628 3249 lustro
651 3198 702 3251 del.
723 3196 907 3250 Mommseoes
930 3212 965 3250 en
983 3194 1071 3249 lustro

55 3256 177 3324 Iahnius
198 3270 208 3338 ΙΙ
231 3274 247 3321 8
271 3267 401 3337 pireneus
424 3268 433 3336 ΙΙ
457 3271 489 3318 10
507 3282 564 3319 non
586 3266 662 3321 ultra
685 3268 869 3322 Mommsenos
891 3269 900 3336 ΙΙ
925 3272 957 3320 11
977 3282 1071 3321 errans

54 3341 149 3394 mater
161 3341 347 3395 Baehrensioe
361 3341 370 3408 ΙΙ
385 3343 418 3390 12
438 3336 520 3391 alites
542 3339 684 3406 serpentes
704 3355 787 3392 curru
806 3338 1046 3409 Freodeoberpios
1064 3339 1073 3410 {l

56 3404 93 3458 15
112 3411 162 3465 snb
182 3410 282 3464 umbra
296 3409 457 3464 recumbere
472 3408 712 3479 Freodenberpios
729 3413 733 3478 Ι
750 3409 851 3463 cithes:
871 3426 938 3464 corr.
954 3410 1071 3464 Welclce-

54 3485 107 3535 tus
119 3484 128 3550 ΙΙ
142 3488 175 3536 16
196 3481 220 3535 si
243 3480 323 3535 navis
342 3481 498 3550 Schopertos
514 3482 524 3550 ΙΙ
542 3485 575 3533 22
595 3480 720 3534 omnium
738 3497 843 3534 rerum:
867 3497 935 3536 corr.
955 3481 1071 3537 Momm-

55 3555 137 3604 llerrares
