2386 3922
134 163 199 228 178
500 167 610 218 FLORI
628 168 789 219 EPITOMA

79 346 116 402 11
135 332 244 392 Caesar
262 339 414 392 recreatus
433 339 479 392 est
498 350 534 392 ex
554 331 675 392 vulnere
690 334 721 390 in
735 338 863 411 tempus,
883 339 983 392 setas.
1015 339 1120 393 ceterum

133 421 278 482 barbarus
297 420 428 500 unquue
448 421 557 480 infesto
577 423 710 481 exercitu
730 439 892 500 oppressus
911 420 1009 500 gladio
1023 429 1051 480 et
1062 435 1122 500 pyra,
1169 468 1171 475 .

134 512 165 570 in
189 529 276 589 quam
301 529 332 570 se
356 528 517 589 percussus
540 512 664 590 inmisit,
688 511 842 589 superstiti
866 512 956 570 etiam
980 528 1055 570 nunc
1071 507 1124 568 tae·

134 602 195 659 sari
219 599 370 659 satisfecit.
1168 676 1171 685 1

187 846 314 907 XXXIII.
346 846 495 907 BELLVM
518 845 781 908 CANTABRICVM
803 845 852 906 ΕΤ
875 845 1088 909 Isrvnlcvu.
1143 832 1170 921 tl

81 1009 114 1056 46
201 991 262 1051 Sub
281 1010 389 1051 occasu
407 998 509 1069 pacata
528 998 591 1050 erat
609 990 671 1051 lere
691 992 787 1051 omnis
806 988 958 1070 Hispania,
982 993 1041 1051 nisi
1060 1005 1129 1068 quan

133 1079 277 1159 Pyrenaei
299 1080 463 1140 desinentis
488 1077 617 1158 scopulis
641 1079 845 1139 inhaerentem
870 1081 994 1139 citerior
1012 1077 1129 1139 adluebat
1168 1084 1170 1163 1

134 1168 278 1229 Oceanus.
310 1169 359 1229 blo
378 1169 452 1229 duae
467 1167 665 1227 validissimae
685 1175 799 1247 gentes,
818 1167 958 1227 Cantabri
973 1175 1003 1229 et
1016 1169 1129 1244 Astures,

81 1271 114 1318 47
133 1260 281 1318 immunes
318 1260 437 1337 imperii
474 1256 631 1335 agitabant.
686 1256 901 1317 Cantabrorum
938 1264 969 1317 et
1004 1260 1084 1336 prior
1108 1261 1129 1313 et

134 1349 231 1406 acrior
258 1353 288 1406 et
315 1349 408 1425 magis
435 1349 571 1425 pertinax
598 1348 630 1406 in
658 1345 827 1406 rebellando
855 1347 972 1406 animus
999 1347 1065 1426 brit,
1090 1344 1128 1422 qui
1139 1353 1154 1392 1⁰

135 1454 194 1495 non
227 1439 358 1496 contenti
389 1434 558 1495 libertatem
586 1451 669 1494 suam
698 1434 857 1494 defendere
885 1437 1032 1513 proximis
1059 1437 1129 1494 etiam

134 1527 305 1603 imperitare
330 1524 514 1603 temptabant
532 1523 736 1602 Vaccaeosque
760 1530 791 1583 et
813 1523 978 1601 Turmogos
1002 1531 1031 1583 ct
1049 1522 1128 1583 Autri-

80 1632 115 1680 48
135 1631 226 1691 gonas
249 1614 363 1674 crebris
386 1611 606 1673 Incursionibus
626 1612 795 1690 fatigabant.
832 1614 862 1671 in
882 1611 936 1671 hos
956 1615 1054 1692 igitur,
1077 1611 1128 1689 quia

136 1703 340 1762 vehementius
368 1721 455 1781 agere
483 1701 709 1782 nuntiabantur,
737 1719 795 1761 non
824 1700 961 1761 mandata
989 1699 1128 1779 expeditio,

137 1791 188 1850 sed
209 1798 325 1869 sumpta
345 1799 398 1850 est.
436 1793 499 1869 ipse
519 1793 600 1850 venit
619 1790 809 1869 Segisamam,
833 1796 930 1849 castra
949 1793 1057 1869 posuit,
1075 1785 1127 1847 inde
1136 1790 1152 1833 1⁵

135 1882 284 1957 tripertito
323 1881 455 1939 excrcItu
492 1887 583 1938 totam
620 1879 807 1939 CantabrIam
841 1878 996 1957 amplexus
1029 1879 1128 1938 efferam

82 1986 115 2033 49
135 1975 253 2045 gentem
277 1970 337 2027 ritu
361 1968 490 2027 serarum
514 1970 599 2046 quasi
619 1969 745 2047 quadam
764 1967 888 2046 cogebat
906 1968 1054 2046 indagine.
1088 1979 1126 2024 neo

136 2055 171 2115 ab
196 2055 312 2116 Oceano
341 2059 439 2136 quies,
473 2076 540 2117 cum
568 2057 676 2117 intesta
704 2055 797 2116 classe
826 2059 890 2134 ipsa
919 2076 1037 2135 quoque
1064 2063 1126 2128 terga

208 2270 222 2316 1
243 2265 415 2317 arrecreatus
434 2265 459 2330 (o
477 2280 563 2332 supra
578 2266 699 2333 priscam
718 2281 732 2315 r
750 2281 784 2317 m.
799 2265 829 2332 2)
843 2264 877 2316 N
893 2279 954 2316 sare
974 2265 1079 2316 creatus
1092 2254 1123 2311 I⁴
1165 2286 1167 2317 !

135 2336 277 2388 recreatus
294 2335 477 2404 -profundo
498 2336 538 2403 (p.
554 2339 617 2401 181,
631 2337 659 2403 6)
678 2337 789 2402 scripsit
806 2334 848 2386 B²
864 2336 868 2403 1
886 2334 989 2389 Caesar
1008 2331 1125 2387 recreata
1164 2352 1167 2385 r

136 2423 169 2460 ex
191 2405 306 2460 vulnere
329 2405 359 2458 in
381 2407 492 2474 tempus
516 2422 657 2475 regressus
681 2404 711 2458 in
730 2404 840 2474 Syriam
865 2404 998 2459 occubuit
1020 2397 1126 2464 1111111

135 2478 278 2546 Saappias
294 2481 297 2546 1
315 2481 358 2530 est
375 2495 425 2531 oar.
441 2477 467 2528 L
484 2479 488 2544 Ι
504 2493 537 2529 ex
556 2494 606 2531 ara.
622 2478 663 2531 Bl
679 2482 683 2545 1
700 2476 730 2528 in
748 2480 873 2545 tempore
887 2477 914 2529 L
930 2483 934 2543 1
951 2480 980 2530 et
993 2477 1034 2530 Β1
1047 2491 1089 2529 aar.
1101 2465 1124 2522 ὅτ

135 2566 203 2602 corr.
229 2555 254 2601 et
277 2550 404 2602 lacunam
427 2550 561 2602 indicarit
584 2549 715 2616 Iahnius,
739 2567 762 2602 r.
783 2549 878 2614 Rufras
902 2549 918 2601 l.
938 2565 959 2601 c.
985 2555 1009 2602 et
1033 2543 1126 2600 Veneta

135 2615 266 2686 111111
285 2625 300 2671 2
320 2618 478 2689 oppressius
497 2620 523 2671 L
544 2625 548 2684 1
569 2618 632 2688 pira
650 2619 677 2671 L
695 2621 704 2688 11
723 2626 738 2671 3
757 2636 912 2688 percussu*
932 2621 1022 2686 (erasa
1039 2619 1073 2685 m)
1086 2606 1123 2676 Bl

136 2689 276 2743 summisit
294 2691 334 2742 B¹
353 2689 471 2742 immisit
489 2690 516 2742 L
531 2692 535 2759 1
553 2689 697 2743 etiannum
712 2691 746 2743 N
761 2689 848 2743 etiam
865 2706 922 2743 non
937 2690 964 2742 L
977 2692 1016 2758 115
1035 2705 1079 2743 ora.
1092 2680 1123 2760 01

136 2761 264 2815 XXXHH
279 2762 318 2813 B¹
332 2763 341 2829 11
356 2766 371 2813 6
385 2761 443 2814 fere
458 2763 519 2814 erat
536 2761 575 2830 01
591 2760 731 2830 hyspania
745 2761 785 2814 Bl
800 2763 809 2829 11
824 2768 838 2813 t
853 2760 965 2829 pyrinei
976 2761 1010 2814 N
1018 2765 1124 2830 pyrenen

136 2832 170 2885 N
174 2833 184 2861 ²
202 2831 316 2899 pyrenei
335 2834 423 2900 (prior
442 2848 456 2884 e
475 2849 543 2886 carr.
559 2849 592 2886 ea
606 2832 627 2899 i)
642 2833 669 2885 L
685 2835 689 2900 1
706 2831 842 2885 abluebat
855 2832 896 2885 B¹
911 2831 1038 2886 alluebat
1050 2830 1073 2884 L
1084 2828 1091 2894 11
1102 2823 1125 2876 1⁰

136 2902 221 2955 altior
241 2904 262 2954 0
279 2905 287 2968 11
307 2907 337 2954 11
359 2902 513 2956 continenti
532 2903 588 2970 (ine
607 2906 743 2972 eapaaait
760 2906 839 2972 11111
856 2903 890 2956 N
906 2904 915 2971 11
935 2909 968 2956 12
988 2895 1124 2972 imperitate

136 2975 162 3028 L
178 2977 182 3040 1
199 2989 366 3041 uaaoeosque
384 2976 424 3026 ΒΙ
446 2977 449 3041 1
472 2990 617 3043 curmogos
637 2975 669 3027 N
685 2991 839 3043 curgomos.
854 2975 881 3027 L
901 2977 905 3042 1
927 2974 1081 3044 aurigantes
1096 2960 1124 3045 Bf

137 3045 287 3114 aurigonas
304 3045 336 3099 0:
355 3062 423 3099 corr.
439 3045 590 3100 Salmasius
603 3047 612 3115 11
628 3051 660 3099 13
680 3062 737 3113 qua
755 3047 795 3100 Β1
811 3048 819 3114 11
834 3051 868 3098 14
882 3045 1065 3099 nuntiabatur
1075 3037 1123 3094 13¹1

136 3133 192 3169 non
206 3118 249 3169 est
263 3115 404 3184 expeditio
419 3118 555 3169 mandata
570 3117 619 3170 sed
635 3119 747 3186 sumpta
756 3117 797 3170 Bl
811 3120 820 3186 11
838 3122 869 3169 15
884 3116 959 3186 segis
975 3131 1077 3169 samam
1088 3104 1113 3162 Ν
1120 3098 1123 3168 l

137 3191 258 3240 cestram
278 3191 315 3254 (m
338 3190 473 3255 captarit
490 3206 524 3241 ra.
539 3191 566 3256 1)
586 3188 620 3241 Ν
637 3191 641 3257 1
661 3186 772 3257 possuit
790 3188 824 3241 N
841 3189 844 3255 1
864 3187 930 3240 inde
950 3190 975 3256 (c
994 3205 1060 3243 corr.
1075 3174 1125 3237 rit-2

136 3275 169 3311 ea
187 3258 207 3327 i)
222 3259 254 3311 N
265 3261 273 3327 11
290 3264 321 3311 16
345 3257 449 3328 pertita
468 3259 501 3311 N
516 3258 626 3327 perdito
646 3260 672 3312 L
689 3262 693 3328 1
708 3261 799 3313 totam
817 3257 924 3312 indiam
943 3261 1124 3329 (aequiterna

137 3336 193 3383 octo
216 3332 257 3385 aet
279 3347 372 3384 aooera
396 3331 563 3396 litterariam,
586 3348 703 3398 pitaram
725 3333 824 3385 altimo
847 3331 963 3397 fortasse
987 3347 999 3382 s
1022 3315 1128 3395 erardi

153 3400 281 3467 mplexus
305 3400 482 3454 cantabriam
506 3401 556 3469 011
580 3407 612 3454 11
637 3401 719 3469 quasi
742 3400 876 3470 indagine
899 3399 1028 3455 bellabat
1048 3387 1124 3451 neclt

153 3471 218 3533 ¹nasi
236 3471 370 3540 indagine
390 3471 553 3525 debellabat
571 3489 622 3525 nec
640 3473 667 3525 L
689 3477 698 3540 11
723 3480 754 3528 18
774 3473 933 3526 abocceano
952 3473 979 3526 L
1004 3475 1008 3541 1
1033 3467 1125 3539 quitto

149 3535 188 3609 ll
204 3558 266 3594 cum
284 3545 315 3596 ia
334 3561 419 3612 quum
438 3545 554 3599 mutavit
571 3544 612 3597 Β1
628 3545 632 3613 1
649 3543 738 3597 inseta
756 3544 790 3597 N
802 3547 806 3613 1
822 3546 904 3614 terga
922 3560 1032 3613 qnoque
1049 3541 1074 3595 L
