2386 3922
116 175 181 229 XIV
426 178 627 230 PRAEFATIO
646 179 817 230 EDITORIS

117 363 187 403 eum
213 345 338 403 Iahnius
370 346 450 404 insto
478 346 603 405 minoris
631 345 764 421 fecisset,
794 364 855 403 non
885 344 990 402 eadem
1018 363 1079 421 qua
1106 345 1133 403 B

117 453 191 492 cura
218 453 237 492 a
264 453 295 493 se
318 437 484 493 tractatum
508 453 571 493 esse
594 433 688 492 libere
711 434 866 510 professus
889 425 978 513 esu).
1024 434 1131 510 itaque

118 540 187 581 cum
214 541 270 600 ego
302 522 363 580 iam
390 524 423 581 in
449 523 530 583 Livii
557 523 706 600 periochis
735 541 812 599 qnae
841 523 945 583 eodem
977 523 1133 582 volumine

117 612 311 671 continentur
336 613 435 670 multa
462 613 500 671 ab
529 631 564 671 eo
591 613 731 689 neglecta
759 630 823 670 esse
846 611 1005 684 vidissem,
1034 612 1133 671 denuo

118 701 212 759 etiam
229 701 354 761 Florum
372 701 487 760 contuli
507 704 538 759 et
556 701 712 778 aliquanto
735 701 826 776 plura
848 701 886 758 ab
909 700 1014 759 Iahnio
1040 719 1134 777 qnam

118 789 150 848 in
165 789 383 867 Bambergensi
400 790 614 866 praetermissa
632 789 703 850 ridi.
728 788 922 866 supersedere
942 791 1045 847 tamen
1063 809 1133 866 pos-

117 897 185 936 sum
208 879 273 937 eius
297 880 446 938 erroribus
470 878 671 957 exagitandis,
700 878 773 955 quia
795 879 830 937 E.
854 877 1062 954 Woelfflinus,
1086 879 1135 938 vir

117 967 315 1046 clarissimus,
343 971 374 1026 et
401 969 465 1044 ipse
492 968 592 1027 Iahnii
615 967 809 1028 collationem
833 968 987 1043 supplerit
1010 969 1041 1026 et
1064 985 1133 1043 gra·

117 1056 241 1118 vissima
268 1075 406 1134 quaeque
436 1077 513 1134 quae
541 1058 699 1117 invenerat
734 1055 881 1132 discipulo
909 1056 931 1115 I.
952 1055 1000 1114 W.
1018 1055 1133 1115 Beckio

116 1146 149 1203 in
170 1145 358 1221 ephemeride
377 1146 566 1205 Berolinensi
583 1145 768 1223 philologica
781 1145 825 1203 XI
840 1135 958 1226 (1891)
971 1165 1000 1221 p.
1017 1147 1133 1222 258sq.

117 1235 233 1294 edenda
259 1234 394 1296 tradidit.
439 1238 541 1293 tamen
568 1238 604 1293 ut
629 1234 666 1293 tit
692 1235 724 1292 in
753 1235 977 1310 comparatione
1005 1233 1043 1291 ab
1070 1234 1132 1293 alio

116 1323 260 1382 instituta
289 1326 320 1381 et
348 1325 445 1399 operis
475 1324 622 1400 permissa
644 1323 694 1382 hic
717 1341 837 1400 qnoque
860 1341 958 1399 pauca
982 1322 1133 1399 quaedam

116 1413 216 1470 minus
243 1416 327 1471 recta
353 1413 470 1491 insunt,
498 1432 575 1490 quae
604 1413 742 1488 quamvis
772 1412 900 1488 leviora,
928 1430 966 1470 ne
998 1411 1066 1488 quis
1092 1413 1130 1470 ab

117 1501 363 1561 adnotationibus
391 1502 464 1560 meis
492 1502 660 1577 discrepare
686 1501 831 1576 miretur,
859 1500 939 1559 infra
967 1499 1132 1559 subiciam:

116 1610 145 1665 p.
166 1593 259 1667 27,9
293 1590 384 1649 huius
417 1590 557 1650 editionis
584 1593 617 1648 to
644 1592 715 1648 ante
742 1592 863 1662 imperio
892 1607 983 1664 supra
1011 1607 1134 1648 versum

118 1678 234 1737 addidit
256 1672 310 1754 Nl,
333 1700 362 1755 p.
382 1682 433 1756 46,
453 1681 472 1738 8
496 1696 610 1738 occcoor
627 1681 785 1737 memdicare
805 1671 902 1758 (prior
921 1696 935 1736 c
954 1697 1046 1754 supra
1065 1697 1132 1737 ver·

117 1785 185 1825 sum
207 1788 246 1825 m.
267 1760 310 1846 2.)
339 1787 399 1826 non
425 1770 659 1827 neccommutotio
686 1768 801 1845 legitur
827 1768 859 1825 in
889 1767 931 1844 N,
967 1787 995 1842 p.
1018 1770 1068 1843 76,
1091 1769 1132 1826 18

118 1873 184 1913 cosm
206 1856 237 1913 in
261 1860 327 1916 oo·
351 1847 423 1938 (non
445 1849 492 1939 cir)
516 1857 648 1917 mutavit
665 1851 720 1932 N¹;
743 1877 772 1932 p.
793 1859 843 1934 78,
866 1859 905 1914 16
930 1874 986 1914 suo
1008 1858 1135 1914 uictoria

117 1944 146 2002 N
172 1946 297 2003 uictoria
323 1964 380 2004 suo
406 1940 461 2022 Nl,
498 1967 525 2021 p.
546 1949 639 2021 96,7
669 1947 833 2019 spectaculo
860 1945 901 2023 N,
930 1945 982 2004 sed
1010 1948 1056 2002 cto
1084 1964 1134 2002 ex-

116 2034 226 2109 punxit
248 2027 303 2110 N²;
326 2054 355 2110 p.
376 2038 426 2109 97,
447 2037 465 2094 3
490 2037 536 2094 dis
559 2035 664 2108 cipalis
682 2039 724 2093 set
743 2028 782 2114 (ct
802 2035 946 2108 expunxit
963 2053 1001 2090 m.
1023 2025 1066 2111 2.)
1086 2033 1134 2109 N,

117 2142 145 2197 p.
168 2124 239 2200 114,
265 2125 305 2182 18
329 2125 422 2181 ommis
439 2124 468 2182 N
491 2141 588 2183 omnes
606 2117 656 2181 N².
693 2127 851 2199 praeterea
870 2142 975 2181 eorum
992 2122 1130 2180 locorum

117 2230 256 2288 numero,
284 2213 352 2288 quis
375 2213 505 2272 Bechius
533 2212 668 2272 efficibus
696 2213 771 2271 dicit
799 2204 841 2293 (p.
863 2203 941 2292 259)
970 2213 1006 2269 ut
1037 2211 1073 2269 de
1102 2211 1133 2268 N

117 2300 232 2359 iustum
254 2301 399 2360 iudicium
417 2302 490 2360 ferri
507 2303 613 2379 possit,
636 2303 690 2362 hos
710 2301 882 2360 adiciendos
902 2318 966 2358 esse
986 2298 1132 2358 arbitror:

116 2410 146 2465 p.
167 2391 238 2467 105,
259 2392 277 2449 8
301 2408 438 2450 romanos
456 2396 582 2450 terruere
600 2392 629 2449 N
647 2391 739 2450 habet
757 2409 816 2449 non
836 2394 962 2448 terruere
980 2405 1132 2466 romonem

116 2498 145 2552 p.
163 2479 234 2555 133,
255 2481 273 2538 3
298 2480 368 2537 bello
392 2499 452 2538 non
475 2481 540 2538 oeoo
563 2480 664 2538 estin
686 2480 730 2554 N,
753 2500 782 2555 p.
805 2481 876 2554 152,
897 2481 915 2536 2
939 2479 1015 2536 illoc
1036 2480 1132 2536 toust-

117 2570 209 2624 totwm
227 2566 256 2624 N
274 2586 334 2625 non
351 2569 525 2626 inusitatum
541 2569 629 2643 olleo,
651 2589 679 2644 p.
698 2570 770 2645 155,
788 2569 827 2627 15
846 2571 941 2625 motus
959 2568 1087 2625 ciuitatis
1101 2567 1132 2626 N

117 2673 177 2713 non
200 2656 325 2713 ciuitatis
347 2659 453 2732 motor,
486 2677 514 2731 p.
536 2659 608 2733 167,
630 2660 647 2714 7
672 2659 832 2715 castricio
855 2658 935 2729 epiro
958 2655 987 2714 N
1014 2674 1075 2715 non
1097 2657 1133 2714 or

117 2744 197 2815 epiro
220 2746 331 2804 castris,
360 2747 495 2803 ceterum
517 2745 632 2821 gratias
656 2765 712 2822 ago
733 2744 763 2804 Ο.
784 2744 1027 2822 Zangemeistero
1049 2745 1134 2821 quod

117 2850 165 2889 me
198 2832 234 2890 dc
263 2835 410 2908 quattuor
440 2834 576 2892 locorum
606 2835 755 2911 scriptura
783 2834 976 2893 dubitantem
1003 2833 1133 2910 benigne

119 2920 278 2979 certiorem
299 2921 381 2980 fecit.

184 3011 231 3068 Ex
257 3011 312 3068 hoc
339 3010 417 3070 libro
445 3011 579 3088 reliquos
602 3031 704 3071 omnes
729 3013 863 3071 eiusdem
887 3011 990 3071 classis
1014 3011 1132 3069 codices

117 3098 269 3159 derivatos
292 3118 352 3158 non
376 3118 439 3158 esse
464 3120 648 3178 quamquam
665 3102 789 3160 Iahnius
807 3103 1002 3178 perspexerat
1022 3092 1065 3181 (p.
1079 3090 1122 3179 X)

118 3189 220 3246 tamen
248 3207 322 3266 quos
351 3208 387 3247 ex
411 3189 454 3247 eis
476 3190 581 3265 paullo
606 3191 776 3250 accuratius
799 3192 995 3268 cognoverat,
1025 3190 1130 3248 Mona·

117 3293 235 3335 oensem
262 3278 487 3337 Berolinensem
516 3277 816 3355 Guelpherbytanum
843 3279 1077 3349 Haenelianum,
1109 3277 1134 3335 ii

118 3368 172 3423 aut
194 3366 394 3425 recentissimi
417 3370 488 3426 sunt
512 3370 566 3425 aut
588 3368 816 3428 mendosissimi.
853 3369 958 3445 itaque
982 3386 1050 3425 cum
1070 3367 1133 3424 iam

192 3554 218 3622 1)
236 3570 262 3621 p.
278 3553 363 3607 VIIII.
