2386 3922
159 177 202 240 38
523 179 635 230 FLORI
652 179 813 231 EPITOMA

160 352 318 404 erexerant
350 343 551 421 translataque
584 345 615 402 in
648 361 679 402 se
713 362 745 403 re
778 362 805 421 p.
837 342 1073 404 dominabantur.
1113 338 1171 402 sod'

160 433 191 492 hi
216 450 334 510 quoque
358 432 433 491 duce
457 430 547 491 Fabio
572 430 694 510 Gurgite
718 449 830 510 poenas
854 432 1010 493 dederunt.

315 635 321 645 ’
423 637 526 703 'xvia
559 642 608 702 DE
632 642 899 705 SEDITIONIBVS.

109 786 151 847 22
229 785 308 846 llaec
338 793 384 846 est
412 786 542 846 secunda
565 793 645 861 aetas
669 785 772 864 populi
795 786 921 847 Romani
945 795 975 847 et
999 789 1083 866 quasi
1103 784 1171 846 adu.

162 875 318 954 lescentia,
356 894 413 954 qua
440 878 576 935 maximo
609 876 700 934 viruit
732 881 762 934 et
794 875 921 954 quodam
954 876 1028 936 llore
1060 874 1156 935 virtutis

163 966 274 1024 exarsit
312 982 346 1023 ac
383 963 502 1023 ferbuit.
558 967 658 1042 itaque
696 965 792 1024 inerat
829 965 973 1043 quaedam
1011 965 1103 1045 adhuc
1133 977 1159 1022 ex

162 1051 332 1131 pastoribus
370 1052 486 1132 feritas,
523 1052 664 1130 quiddam
700 1051 796 1112 adhuc
828 1053 960 1131 spirabat
992 1054 1160 1113 indomitum

128 1141 232 1203 aindc
271 1148 317 1200 est
355 1141 432 1219 quod
470 1143 619 1201 exercitus
652 1140 836 1201 Postumium
870 1143 1080 1220 imperatorem
1109 1138 1183 1200 inir¹

163 1233 287 1290 tiantem
311 1247 385 1308 quas
408 1231 588 1304 promiserat
610 1229 735 1307 praedas
759 1230 835 1290 lacta
854 1232 885 1289 in
905 1233 1012 1291 castris
1033 1231 1163 1291 seditione
1181 1284 1183 1291 .

163 1318 316 1398 lapidavit,
346 1317 425 1395 quod
450 1317 504 1378 sub
528 1318 622 1396 Appio
646 1316 768 1378 Claudio
792 1317 887 1379 noluit
910 1321 1031 1379 vincare
1054 1320 1183 1397 hostem!

164 1425 231 1467 cum
255 1413 370 1485 posset,
399 1406 478 1484 quod
502 1407 577 1466 duce
600 1405 746 1466 Volerone
770 1407 1004 1468 detrectantibus
1029 1408 1163 1488 plerisque

128 1512 144 1559 3
163 1495 317 1575 militiam,¹
333 1496 419 1554 fracti
438 1495 568 1555 consulis
588 1496 691 1555 fasces.
730 1496 799 1555 inde
819 1495 1001 1556 clarissimos
1021 1499 1163 1576 principes,

164 1584 243 1662 quod
267 1584 495 1644 adversarentur
518 1583 662 1644 voluntati
686 1603 765 1665 suae,
789 1584 957 1645 exulatione
981 1585 1120 1666 multavit,
1137 1588 1163 1643 ut

165 1672 354 1732 Coriolanum
378 1672 475 1732 colere
500 1691 586 1750 agros
606 1672 758 1733 iubentem
777 1707 819 1714 —
839 1692 895 1733 nec
913 1676 1014 1734 minus
1034 1674 1083 1734 ille
1100 1675 1162 1734 lero·

165 1764 241 1820 citer
264 1762 403 1819 iniuriam
427 1763 517 1819 armis
538 1761 724 1842 vindicasset,
747 1763 807 1821 nisi
826 1762 904 1840 quod
924 1765 983 1822 iam
1002 1764 1183 1823 inserentem!

128 1851 248 1926 ssigna
280 1848 375 1907 filium
407 1855 501 1909 mater
527 1848 647 1910 Veturia
679 1849 810 1910 lacrimis
844 1853 906 1911 suis
939 1855 1112 1931 exarmavit3
1137 1853 1162 1908 ut

164 1939 263 2014 ipsum
292 1935 461 2016 Camillum,
490 1938 568 2015 quod
592 1941 694 2017 inique
718 1941 796 1999 inter
819 1938 937 2018 plebem
961 1948 992 2001 et
1014 1942 1162 2001 exercitum

165 2025 302 2085 divisisse
318 2025 471 2085 Veientem
494 2027 634 2104 praedam
657 2028 866 2088 videretur-
883 2029 935 2088 sed
954 2029 1003 2089 hic
1023 2028 1161 2090 melioria

166 2122 249 2192 capta
281 2114 356 2174 urbe
390 2117 546 2175 consenuit
576 2124 605 2175 et
638 2135 705 2175 mox
739 2115 888 2195 supplices
918 2118 953 2177 de
982 2118 1069 2178 hoste
1096 2113 1159 2176 Gallo

131 2203 331 2267 evindicavit.
374 2221 442 2263 cum
467 2211 571 2264 senatu
595 2223 712 2283 quoque
736 2204 941 2266 vehementius
967 2225 1063 2285 aequo
1086 2205 1183 2265 bono-¹

236 2394 287 2445 11
308 2396 454 2447 erexerant
473 2395 564 2461 (prior
581 2410 596 2445 r
614 2400 734 2448 correcta
752 2410 786 2448 ecc
804 2397 831 2462 v)
848 2394 874 2447 L
890 2397 894 2461 Ι
911 2412 941 2450 so
959 2413 989 2449 ro
1008 2413 1037 2448 ro
1058 2399 1104 2465 -p-
1119 2387 1183 2463 Β)

165 2463 281 2516 isabio
300 2465 350 2531 Bu
365 2470 382 2516 4
400 2465 477 2518 Haec
496 2466 587 2518 est-
602 2462 784 2517 dimicaretur
802 2466 842 2587 Sp.
862 2471 910 2533 42,
925 2469 970 2535 17)
989 2484 1040 2522 ota.
1059 2469 1094 2536 ΙΙ
1109 2462 1158 2518 ado
1177 2502 1183 2529 v

165 2533 302 2601 lescentia
326 2537 491 2602 (ocorrecto
510 2552 543 2589 aa
561 2552 579 2586 u
597 2553 632 2590 pt.
653 2537 679 2601 1)
697 2536 725 2587 Β
749 2535 804 2588 adu
817 2535 936 2590 iacentia
954 2537 988 2591 N
1007 2543 1017 2606 Ι)
1040 2545 1056 2594 6
1074 2539 1101 2592 et
1113 2534 1183 2605 padi

167 2620 201 2657 ex
220 2603 290 2656 arsit
309 2607 372 2658 odd.
388 2605 422 2658 N
434 2608 438 2675 Ι
454 2604 508 2657 hac
527 2605 633 2659 ferbuit
648 2607 676 2659 Β
695 2605 835 2660 aoferuuit
853 2607 882 2675 (d
900 2625 988 2677 supro
1007 2626 1093 2679 opos.
1110 2606 1183 2673 mii

166 2681 192 2728 et
210 2677 332 2742 priorem
350 2692 368 2726 u
392 2678 423 2729 in
445 2676 463 2728 b
487 2679 564 2743 aaut.)
583 2676 617 2729 N
632 2693 665 2729 ac
683 2676 769 2730 seruit
787 2679 813 2731 L
838 2682 842 2744 Ι
867 2678 909 2733 ita
928 2695 1002 2747 quae
1020 2698 1062 2751 op.
1081 2673 1158 2745 atqo'ffl

166 2745 351 2800 Baehrevea'us
374 2748 383 2812 ΙΙ
407 2752 421 2799 1
446 2745 582 2814 quiddam
610 2750 702 2816 (prior
731 2748 749 2801 d
775 2765 861 2818 sopra
888 2767 996 2804 oeream
1022 2769 1056 2806 m.
1077 2753 1101 2819 1)
1122 2742 1155 2803 ol

167 2815 259 2869 adhuc
278 2833 328 2871 ona.
351 2817 497 2872 aeeclesia
515 2818 661 2886 Halmius,
685 2821 732 2874 sed
749 2821 806 2888 ipse
824 2828 966 2889 comparat
980 2841 1010 2892 p.
1030 2828 1074 2890 35,
1086 2810 1157 2887 aul

167 2886 393 2956 8posthumium
421 2889 450 2956 (h
474 2905 562 2958 sopra
588 2907 693 2944 uersum
716 2908 749 2945 m.
770 2893 796 2958 1)
819 2891 848 2944 Β
868 2896 876 2958 ΙΙ
899 2898 930 2944 11
951 2896 985 2946 ob
1010 2895 1102 2964 posset
1120 2880 1155 2954 bl

166 2959 297 3012 uelarono
321 2961 349 3013 Β
372 2958 479 3013 ualerio
503 2977 569 3013 nero
596 2977 631 3014 na
652 2960 687 3015 C:
712 2978 779 3015 corr.
807 2961 995 3031 Ouspinionas
1020 2969 1024 3034 l
1050 2954 1156 3019 detracti·

166 3030 219 3083 bus
239 3031 266 3083 Β
290 3033 299 3098 Ι)
323 3036 355 3083 12
380 3030 456 3098 quod
479 3038 542 3086 ante
566 3030 736 3085 clarissima
755 3033 819 3086 add.
841 3033 865 3088 0
887 3034 1038 3105 lprincops
1056 3038 1087 3090 ia
1101 3029 1157 3102 prin·

167 3101 243 3169 cipes
266 3104 384 3157 mutavit
402 3103 442 3156 Β1
460 3105 470 3170 ΙΙ
490 3107 522 3154 13
542 3101 694 3156 uolumtati
711 3104 739 3157 Β
756 3105 759 3172 Ι
776 3103 952 3159 exultatione
971 3109 1003 3160 in
1023 3102 1157 3161 exulatiool

166 3175 284 3228 raptavit
306 3174 347 3226 B¹
375 3172 551 3227 exsulatione
575 3176 598 3242 (s
622 3175 758 3241 expuncti
776 3192 809 3228 m.
830 3179 857 3243 1)
876 3176 911 3229 N
934 3176 1105 3231 exsulatione
1120 3171 1157 3233 bl

169 3249 201 3296 14
220 3243 326 3297 colores
345 3246 376 3298 ic
395 3244 486 3298 colere
504 3245 675 3298 rtvutooitB¹
692 3243 856 3312 {iubentem
874 3246 902 3313 (b
921 3255 1043 3304 correcta
1059 3251 1158 3302 11111

167 3314 304 3384 1)Β)116
324 3313 405 3384 signa
424 3320 452 3383 (a
470 3321 590 3370 correcto
608 3315 1158 3386 nt.1exo)B1118ueenteleh20⁰

166 3386 194 3437 Β
219 3389 223 3454 Ι
249 3384 293 3439 uis
321 3392 384 3440 onte
411 3385 441 3438 in
469 3387 532 3440 add.
556 3385 596 3451 Β,
625 3387 697 3455 qood
725 3403 758 3441 ea
780 3387 848 3441 Veis
876 3396 967 3443 ortum
990 3407 1044 3446 esse
1062 3382 1158 3461 potato

168 3455 314 3511 Seebods'us
342 3456 390 3509 sed
418 3455 464 3509 hic
486 3454 620 3508 humilior
642 3456 710 3510 Veis
733 3457 919 3515 Mamaeanos
941 3460 992 3513 sad
1015 3461 1061 3516 hic
1082 3453 1159 3514 melior

169 3542 237 3597 civis
256 3544 442 3600 Boebrensius
456 3549 465 3614 Ι)
479 3551 513 3598 20
532 3528 708 3598 ubementius
728 3547 867 3615 (spiritum
886 3550 952 3604 add.
970 3567 1005 3605 m.
1026 3555 1053 3621 1)
1069 3549 1096 3604 Β
