2386 3922
276 147 288 163 ι
399 123 601 177 PRAEFATIO
620 125 791 178 EDITORIS
1024 123 1102 178 XVII

155 313 184 368 p.
207 293 279 368 170,
299 294 318 351 8
341 291 526 351 multitudine
541 295 661 365 pontem
682 293 850 352 accidisset
871 292 896 349 L
918 293 1104 352 multitudiue

300 383 379 454 spati
404 371 434 460 (s
452 398 543 455 supra
561 399 682 440 remum
704 401 742 441 m
764 373 807 463 2.)
830 382 1002 442 succedisset
1024 374 1068 463 (1.
1088 401 1103 441 e

300 469 332 527 in
354 472 367 528 t
391 469 523 530 mutavit
544 488 584 541 pr.
609 464 651 544 1.)
675 469 704 527 Ν
726 471 804 529 male

152 578 182 635 p.
206 558 279 632 175,
300 560 318 618 6
341 559 401 630 foe
421 561 491 634 post
511 559 656 632 emman
678 577 735 618 om.
754 559 788 637 L,
810 559 889 618 male
914 559 999 619 addit
1020 560 1057 619 N.

87 649 148 707 iam
171 647 219 706 his
242 647 316 706 locis
341 646 456 724 allatis,
487 665 616 723 quorum
643 647 762 706 nullum
787 647 810 705 ii
833 648 886 724 qui
908 648 1104 709 librariorum

84 741 244 813 stuporem
267 739 299 795 et
322 736 460 810 supinam
482 736 706 813 neglegentiam
733 740 953 814 cognoverunt,
980 738 1103 798 illorinn

85 825 263 885 coniectura
300 827 440 884 sanatum
476 842 541 883 esse
573 825 754 884 contendent
784 857 829 866 —
860 845 932 884 nam
963 827 1040 886 alios
1071 828 1103 886 in

88 913 201 992 quibus
228 913 285 973 hoo
307 913 374 972 fieri
402 913 537 990 potuisse
566 914 688 973 concedi
715 917 817 990 potest
844 914 931 972 omisi
959 946 1001 957 -
1029 918 1103 975 satis

79 1003 264 1081 probavisse
286 1002 362 1060 mihi
384 1002 488 1063 videor
509 1002 601 1061 huius
619 1003 690 1061 libri
709 1003 884 1063 bonitatem
917 1023 1103 1082 quamquam

86 1096 194 1152 autem
218 1092 309 1151 etiam
332 1091 429 1152 maior
451 1111 555 1151 eorum
574 1094 621 1150 est
638 1111 782 1151 numerus
801 1086 911 1169 quibus
930 1092 959 1150 N
979 1095 1104 1152 meliora

87 1181 225 1242 servavit
256 1183 287 1239 et
319 1181 437 1240 alienus
465 1183 512 1240 est
538 1179 576 1239 ab
603 1180 888 1257 interpolationibus
916 1180 1027 1258 quibus
1056 1202 1103 1241 co-

86 1270 166 1330 dicis
184 1269 209 1328 L
229 1269 328 1328 scriba
346 1289 424 1348 quae
443 1289 503 1330 non
522 1269 720 1347 intellegebat
738 1270 943 1345 pessumdedit
950 1263 984 1350 1),
1002 1273 1104 1330 tamen

86 1359 166 1420 satis
192 1358 332 1436 religiose
361 1359 398 1418 ab
428 1378 462 1419 eo
491 1359 690 1436 archetypum
718 1376 890 1435 expressum
918 1377 982 1418 esse
1011 1359 1104 1419 etiam

88 1449 147 1507 hac
180 1466 213 1506 re
246 1448 458 1524 comprobatur
490 1446 570 1523 qnod
602 1447 724 1505 litterae
756 1467 776 1506 o
807 1448 935 1506 formam
967 1451 1105 1524 apertam

90 1556 184 1615 quam
216 1536 279 1595 illic
309 1537 467 1598 invenerat
498 1536 579 1595 haud
610 1554 688 1613 raro,
721 1536 773 1594 sed
805 1555 865 1596 non
897 1536 972 1596 satis
999 1538 1103 1596 dextre

87 1625 230 1684 imitatus
258 1628 305 1684 est
332 1626 418 1686 velut
439 1646 469 1701 p.
490 1626 557 1702 7,3
585 1625 617 1683 in
644 1628 822 1698 oeetrcmqae
850 1627 880 1683 et
908 1646 937 1702 p.
958 1628 1010 1704 25,
1030 1629 1048 1686 5
1072 1626 1105 1684 in

89 1716 215 1774 auseris.
263 1714 368 1773 eadem
395 1717 498 1773 tamen
520 1713 593 1772 alibi
615 1712 761 1774 vitiorum
784 1732 888 1773 ansam
911 1714 995 1774 dedit
1017 1717 1104 1776 velut

89 1823 121 1880 p.
143 1805 214 1880 142,
239 1804 279 1862 25
304 1802 357 1861 ubi
379 1804 500 1875 afranio
522 1822 576 1879 pro
600 1804 720 1875 efracto
743 1802 865 1879 scripsit
889 1806 918 1863 et
940 1825 968 1881 p.
991 1807 1063 1882 151,
1085 1807 1102 1862 7

89 1893 211 1951 uwiuem
233 1911 288 1968 pro
312 1883 476 1973 mutueffl).
524 1891 770 1968 compendiorum
793 1910 870 1968 quae
893 1911 992 1968 pauca
1013 1894 1044 1951 in
1069 1913 1104 1952 eo

88 1981 197 2040 insunt
224 1981 336 2040 formas
366 1975 635 2041 ‘observationum'
668 1980 834 2058 appendice
861 1979 908 2039 III
932 1984 950 2040 2
975 1982 1105 2041 Beckius

87 2069 230 2130 imitatus
254 2073 307 2132 est.

160 2157 237 2217 (lum
259 2158 355 2236 igitur
377 2157 513 2217 codicum
534 2158 563 2216 N
586 2160 618 2217 et
639 2157 663 2216 L
688 2158 846 2235 scripturis
869 2159 1037 2218 coniunctis
1059 2159 1105 2217 in·

90 2248 261 2325 tellegatur
284 2247 357 2324 quid
379 2247 411 2304 in
434 2247 584 2307 communi
608 2265 713 2305 eorum
730 2247 815 2306 fonte
839 2247 985 2323 scriptum
1003 2248 1104 2324 fuerit,

86 2356 141 2398 eas
164 2336 310 2395 lectiones
334 2354 411 2412 quae
429 2335 461 2394 in
479 2337 609 2411 utroque
627 2334 825 2395 inveniuntur
842 2335 946 2393 littera
964 2339 989 2394 0
1009 2336 1100 2412 signi-
1116 2355 1192 2396 c2rs

91 2426 189 2485 ficari.
218 2427 375 2501 praeterea
394 2425 550 2484 ethorum
569 2428 600 2484 et
621 2423 692 2482 libri
709 2423 735 2482 B
757 2424 878 2500 plenam
896 2423 1106 2502 integramque

88 2513 275 2575 varietatem
311 2513 479 2589 scripturae
516 2513 661 2590 adscripsi
693 2531 728 2572 ac
760 2532 797 2572 ne
829 2513 954 2572 minima
984 2514 1106 2591 quidem

89 2604 213 2680 praeter
245 2602 462 2661 elementorum
494 2620 522 2670 e,
549 2621 596 2671 ce,
624 2620 657 2662 oe
689 2604 720 2662 et
752 2620 784 2671 e,
812 2607 824 2660 t
854 2604 1105 2663 commutationes

91 2691 266 2769 similiaque
289 2691 416 2768 neglexi.
443 2691 474 2750 id
494 2692 573 2768 quod
590 2691 793 2752 necessarium
811 2695 877 2751 erat
895 2712 963 2751 cum
982 2696 1106 2770 propter

93 2781 233 2840 codicum
260 2779 382 2839 illorum
410 2798 558 2839 summam
584 2781 811 2855 auctoritatem,
838 2784 906 2840 tum
932 2781 1013 2858 quod
1036 2785 1106 2857 post

90 2869 287 2946 imperfectos
314 2869 449 2943 priorum
475 2868 624 2927 editorum
647 2871 774 2928 conatus
796 2869 917 2928 tandem
942 2869 1105 2946 aliquando

94 2958 170 3035 quid
197 2958 230 3015 in
257 2956 343 3016 libris
369 2957 521 3032 primariis
551 2955 698 3015 traditum
730 2961 809 3017 esset
842 2958 937 3017 statui
969 2956 1105 3016 debebat.

93 3047 180 3107 nolui
202 3049 304 3105 tamen
328 3046 455 3124 singulis
478 3047 552 3107 locis
575 3045 705 3104 aliorum
729 3065 843 3106 errores
866 3047 1029 3123 exagitare,
1053 3045 1107 3103 sed

166 3288 192 3356 1)
211 3305 236 3341 v.
255 3305 282 3355 p.
299 3292 327 3355 7,
347 3292 394 3355 20,
420 3286 471 3340 ubi
493 3288 559 3356 qaia
581 3287 648 3340 ante
672 3286 784 3340 deorum
807 3281 931 3351 addidit3
964 3300 991 3351 p.
1008 3289 1056 3353 19,
1072 3290 1105 3338 10

89 3359 150 3412 deis
168 3356 199 3410 in
217 3359 261 3412 De
279 3360 321 3412 bts
338 3356 474 3425 mutavit3
501 3374 528 3425 p.
544 3363 586 3425 22,
603 3362 636 3410 13
661 3357 738 3411 Veios
755 3355 786 3408 in
803 3371 883 3422 ποτα,
909 3371 935 3422 p.
952 3359 1042 3424 26,11
1062 3359 1105 3410 ire-

65 3485 68 3492 ,
90 3430 198 3484 siderate
215 3431 307 3500 paleae
325 3428 356 3482 in
373 3431 527 3499 insequente
544 3429 626 3498 pello,
645 3427 711 3483 alia.

166 3503 192 3569 2)
212 3499 247 3553 cf.
268 3500 320 3554 ‘De
340 3500 461 3554 Senecae
480 3514 584 3554 reeens.
604 3503 633 3553 et
651 3497 802 3554 emendat’
822 3515 849 3566 p.
865 3501 899 3550 42
910 3515 950 3567 sq.

146 3599 230 3639 Florus
245 3599 279 3640 ed
295 3598 319 3639 Ο.
334 3599 492 3640 Rossbach.
874 3587 893 3640 b
