2386 3922
122 209 163 273 70
482 208 593 260 FLORI
609 208 769 260 armona

118 377 212 434 moria
231 382 261 434 et
279 374 444 434 recordatio
464 392 534 434 suae
552 373 716 434 nobilitatis
735 372 871 454 agitabat,
895 380 925 434 et
943 373 1099 434 successerat
1128 390 1130 395 ·

119 463 253 542 Philippo
286 463 364 522 tilius
392 462 511 543 Perses,
543 465 596 542 qui
628 461 720 523 semel
750 464 783 522 in
815 469 994 541 perpetuum
1019 463 1100 521 victam

83 564 184 613 eesse
207 551 408 612 Macedoniam
431 569 491 611 non
513 551 635 630 putabat
659 569 694 612 ex
718 553 814 630 gentis
838 551 991 630 dignitate.
1031 546 1120 610 mute·

118 641 322 702 vehementius
344 639 399 700 sub
417 639 473 700 hoc
491 638 667 700 Macedones
686 657 773 719 quam
793 639 848 700 sub
866 646 952 719 patre
972 640 1104 717 exurpnt
1128 710 1130 715 Ι

119 732 228 809 quippe
260 729 389 789 Thracas
425 731 457 788 in
494 731 573 789 vires
606 746 674 789 suas
705 734 857 789 traxerant
888 735 978 808 atque
1009 731 1046 789 ita
1071 718 1130 785 in*

118 819 262 879 dustriam
284 817 477 878 Macedonum
499 816 612 877 viribus
636 817 792 897 thracum,
814 817 957 884 ferociam
979 817 1108 877 Thracum

81 920 99 967 4
117 906 273 986 disciplina
291 906 478 966 Macedonica
501 913 711 985 temperavere.
751 908 877 966 accessit
899 906 946 966 his
971 904 1108 967 consilium

118 997 215 1076 ducis,
244 998 295 1075 qui
324 997 414 1055 situm
442 997 597 1073 regionum
626 1013 747 1055 suarum
774 1013 790 1055 a
814 993 1108 1074 summe-speculatus

116 1085 227 1144 Haemo
254 1086 360 1163 positis
387 1102 442 1163 per
469 1083 592 1162 abmpta
620 1085 725 1144 castris
753 1085 794 1144 ita
816 1083 1018 1144 Macedoniam
1042 1096 1110 1143 suan

117 1175 207 1233 armis
230 1174 369 1252 ferreque
392 1170 550 1233 vallaverat
572 1178 687 1233 utnon
710 1171 867 1251 reliquisse
891 1173 1006 1233 aditum
1027 1173 1079 1232 nisi
1095 1160 1130 1228 al

81 1261 198 1322 ecaelo
221 1264 354 1322 venturis
377 1260 512 1321 hostibus
535 1261 694 1321 videretur.
734 1268 834 1322 tamen
856 1260 967 1322 biarcio
992 1261 1109 1338 Philippo

117 1351 238 1412 consule
280 1368 344 1410 eam
384 1351 568 1429 provinciam
605 1351 758 1428 ingressus
794 1349 922 1429 populus
959 1349 993 1410 h
1027 1346 1110 1427 exple

117 1443 189 1501 ratis
227 1440 384 1518 diligenter
422 1438 592 1499 accessibus
623 1457 678 1517 per
710 1438 854 1499 Ascurida
886 1437 1025 1517 paludem
1054 1437 1109 1497 Per·

117 1529 301 1607 rhaebosque
324 1527 454 1588 tumulos
477 1527 526 1587 illa
550 1525 720 1587 volucribus
740 1545 868 1607 quoque,
891 1534 924 1587 ut
942 1527 1109 1603 videbantur,

117 1620 194 1677 invia
218 1619 344 1677 accessit
366 1635 525 1695 regemque
550 1633 688 1676 securum
711 1622 741 1676 et
763 1615 837 1676 nihil
863 1614 921 1676 tale
945 1588 1130 1681 metuentem'l,

82 1717 97 1764 e
118 1705 214 1765 subita
237 1704 307 1765 belli
330 1707 499 1784 inruptione
523 1703 725 1784 deprehendit.
763 1707 849 1765 cuius
867 1710 949 1765 tanta
967 1702 1130 1784 trepidatier

117 1794 172 1853 luit
191 1800 223 1852 ut
241 1795 398 1872 pecuniam
417 1790 535 1852 omnein
554 1796 585 1852 in
599 1811 680 1853 mare
695 1794 817 1854 iusserit
830 1795 935 1873 mergi,
953 1794 1108 1872 reperiret
1126 1808 1130 1813 ·

82 1881 243 1942 aclassem
276 1884 414 1961 cremari,
445 1899 482 1941 ne
515 1882 733 1942 incenderetur.
783 1881 874 1942 Paulo
905 1880 1027 1942 consule
1056 1892 1130 1940 cun=

117 1971 228 2029 maiora
261 1976 291 2029 et
318 1969 469 2029 crebriora
496 1978 597 2030 essent
623 1972 751 2049 inposita
778 1971 942 2051 praesidia,
973 1989 1028 2049 per
1052 1967 1108 2028 ahas
1119 2004 1130 2103 Ι

116 2213 145 2247 m
163 2197 251 2264 eraso)
269 2194 297 2247 Β
313 2195 317 2264 Ι
334 2209 363 2247 33
381 2210 431 2248 om.
450 2194 478 2247 Β
494 2193 499 2265 Ι
514 2193 649 2249 memoria
668 2196 693 2263 (e
712 2200 832 2249 correcta
849 2211 884 2249 ex
897 2197 924 2264 3Ι
939 2194 966 2247 L
979 2196 988 2264 ΙΙ
1003 2199 1017 2247 1
1035 2204 1105 2246 recor·

117 2264 232 2323 datione
256 2268 300 2334 (ne
323 2282 409 2334 supra
431 2282 536 2320 3333333
558 2285 591 2320 33.
610 2269 640 2336 2)
664 2265 698 2319 N
715 2267 725 2335 Ι
748 2271 764 2319 2
789 2264 928 2335 phillippo
953 2266 980 2319 L
1004 2267 1008 2333 Ι
1031 2272 1105 2333 pereat

117 2356 167 2393 em.
192 2339 219 2391 B
245 2340 249 2406 Ι
273 2336 380 2390 uictam
398 2337 423 2405 (c
441 2354 527 2405 sopra
545 2354 651 2392 ceream
668 2355 702 2391 m.
721 2339 747 2406 1)
765 2336 793 2389 Β
815 2338 825 2406 ΙΙ
848 2341 865 2388 4
885 2335 1054 2390 caementius
1065 2328 1104 2397 ΒΙ

116 2408 298 2463 maccedones
312 2407 340 2460 L
356 2407 360 2478 Ι
376 2409 548 2477 consurgunt
564 2407 587 2462 C
597 2409 636 2477 Ιό
656 2406 755 2477 Quitpe
768 2407 796 2460 L
811 2408 815 2476 Ι
831 2407 877 2460 bra
895 2407 963 2462 obas
980 2405 1060 2478 Olin
1073 2415 1104 2454 31
1126 2448 1130 2453 .

116 2481 243 2545 labotes,
253 2485 283 2532 ct
291 2480 325 2545 cf.
336 2480 462 2533 Iustinae
471 2480 528 2532 ΙΙΙ
533 2483 588 2545 2,3
604 2485 608 2548 Ι
624 2480 749 2532 traxerat
758 2479 786 2532 Β
799 2479 801 2548 Ι
814 2477 906 2547 adque
915 2478 943 2531 Β
956 2478 959 2543 Ι
970 2466 1106 2552 1333313131
1125 2466 1130 2493 ¹

118 2557 134 2603 6
153 2548 354 2603 macedonibus
373 2549 582 2619 (miserescere
599 2567 634 2605 m.
654 2552 680 2619 1Ι
698 2549 828 2603 thracum
847 2548 1105 2619 disciplinantem

117 2640 222 2692 anamais
240 2639 268 2691 Β
284 2640 288 2706 Ι
303 2621 413 2691 eiacum
431 2638 458 2691 L
473 2642 477 2702 Ι
493 2638 622 2692 ithacum
640 2639 674 2692 N
688 2638 817 2691 irachum
835 2638 862 2691 L
879 2640 889 2706 ΙΙ
911 2645 925 2692 ‘l
948 2637 992 2692 dis
1010 2633 1105 2706 cipum

117 2706 299 2761 macedonica
324 2710 443 2779 (3139313
466 2726 534 2780 quae
556 2727 584 2762 m
607 2711 746 2780 siqnificat
763 2726 850 2778 supra
863 2711 986 2778 priorem
1004 2725 1021 2762 a
1037 2700 1105 2782 matt)

117 2779 145 2832 Β
164 2777 344 2847 disciplinam
362 2780 573 2841 macedonicam
587 2781 626 2850 ΟΙ
641 2781 869 2849 temperauerunt
883 2781 960 2848 (runt
973 2773 1126 2848 compendit·

117 2852 258 2919 scalptum)
279 2850 302 2904 0
320 2853 324 2920 Ι
344 2850 390 2904 hic
409 2851 443 2905 N
454 2851 459 2924 Ι
476 2851 623 2905 consilium
642 2852 787 2920 (pedester
805 2850 816 2903 i
833 2855 921 2920 supra
937 2852 1050 2918 3333333)
1066 2842 1092 2900 N
1100 2838 1130 2913 lt

118 2925 239 2976 83333.
261 2921 312 2991 ΟΙΙ
333 2927 348 2974 9
368 2922 470 2976 abruta
491 2925 501 2992 ΙΙ
524 2929 557 2978 10
576 2921 754 2976 33113333331
772 2923 822 2991 ΝΙ
841 2920 1005 2990 reliquisset
1021 2922 1045 2974 Β
1061 2921 1070 2988 ΙΙ
1085 2916 1130 2995 ΠΙ

117 2993 279 3047 uiderentur
300 2993 323 3047 0
342 2996 351 3062 ΙΙ
375 2999 407 3045 12
426 3010 504 3049 nam:
528 3011 598 3049 cerr.
617 2994 762 3061 Haecine,
786 3010 824 3047 co
846 2993 912 3047 olim
934 2994 992 3060 facit
1013 2987 1130 3055 harod}

117 3081 181 3119 eam
199 3066 247 3119 ello
265 3070 393 3132 corrupto
411 3065 638 3135 3313313339Ι13
657 3063 789 3118 astudam
807 3066 955 3132 (posterior
974 3081 993 3118 a
1011 3063 1130 3119 conecto·

116 3153 151 3190 33
173 3138 199 3206 3)
226 3133 360 3204 paludem
386 3137 412 3203 (3
439 3143 559 3190 correcta
585 3153 619 3190 aa
646 3138 673 3206 a)
700 3136 728 3189 Β
754 3134 906 3188 astundam
932 3134 1064 3204 paludem
1087 3129 1112 3184 d:

117 3224 185 3261 corr.
215 3207 349 3261 Heinsius
376 3223 410 3260 ecc
437 3206 520 3261 Maio
548 3206 653 3260 XLIV
672 3211 740 3274 2,3
765 3209 769 3276 Ι
793 3205 1003 3276 perrhebosque
1026 3207 1052 3262 B
1076 3212 1115 3273 pe!

119 3278 233 3331 acerbos
262 3277 418 3345 dubiosque
448 3277 499 3345 ΟΙΙ
525 3281 557 3329 14
580 3277 703 3331 tumulos
727 3276 766 3346 (ul
789 3280 821 3332 a'u
847 3276 880 3330 ill
907 3279 1052 3346 mulctum)
1072 3268 1116 3341 ΒΙ

119 3365 191 3416 quae
211 3355 274 3418 poet
296 3347 349 3402 1113
371 3349 437 3404 add.
457 3347 491 3401 N
510 3362 564 3416 que
586 3346 613 3399 L
634 3351 638 3416 Ι
659 3350 692 3401 nt
712 3365 762 3403 om.
784 3349 828 3419 Ul
848 3348 1003 3402 uidebatur
1022 3348 1072 3417 ΟΙ
1093 3348 1119 3399 it

119 3437 264 3505 eruptione
290 3437 390 3491 eerruu
419 3437 441 3491 3
463 3438 468 3505 Ι
493 3420 660 3504 capream
687 3439 809 3506 (33333
837 3456 872 3492 m.
895 3439 924 3506 2)
952 3437 980 3490 3
1008 3439 1019 3507 Ι
1046 3439 1077 3489 ae
1097 3433 1122 3487 e

119 3513 184 3628 osellq
214 3506 333 3631 clpssem
365 3510 428 3563 add.
461 3508 489 3561 Β
519 3509 523 3577 Ι
552 3507 802 3562 neincenderentur
831 3509 858 3562 L
885 3510 895 3578 Ι
923 3513 956 3561 19
990 3508 1073 3562 creba
1098 3503 1126 3559 N

119 3590 164 3628 333
185 3593 217 3629 33
