2386 3922
424 193 450 264 1,
469 198 512 249 40.
531 198 564 247 41
585 193 646 265 (ΠΙ,
666 197 753 266 s—o).
1032 193 1095 258 101

104 355 226 437 Pompeio
250 359 327 420 duce
349 359 380 420 P.
404 360 437 420 R.
461 366 562 442 totam,
586 379 643 441 qua
666 361 808 421 latissima
831 368 886 440 est,
909 360 1007 421 Asiam
1029 379 1096 440 per-

104 454 215 528 vagatus,
239 466 328 528 quam
351 456 514 510 extremam
538 451 657 528 Imperii
679 449 805 510 habebat
827 451 1010 528 provinciam
1035 469 1097 510 me-

105 534 167 595 diam
184 536 263 598 lecit
301 540 433 617 exceptis
453 540 562 617 qnippe
580 538 706 619 Parthis,
728 541 780 618 qui
798 538 902 599 loedus
920 537 1097 619 malueram,

105 631 126 683 ct
146 624 239 706 Indis,
267 628 319 705 qui
347 626 443 688 adhuc
470 645 524 688 nos
547 636 781 709 removerant,
807 630 903 688 omnis
927 627 995 687 Asia
1019 630 1097 688 inter

85 711 212 775 onibmm
240 722 270 776 et
298 715 438 795 Caspium
466 723 495 776 et
524 715 674 778 Oceanum
696 717 884 795 Pompeianis
913 717 1023 777 domita
1051 716 1098 775 vel

106 817 230 881 oppressa
253 806 347 884 signis
369 805 535 866 tenebatur.

348 1000 420 1062 xm.
453 1000 601 1062 nunnvu
624 1000 833 1088 rmlncvu.

156 1123 277 1185 Interim
309 1143 377 1186 cum
404 1126 434 1186 P.
463 1126 496 1186 R.
529 1145 583 1205 per
615 1126 731 1186 diversa
762 1134 911 1187 terrarum
943 1125 1096 1186 districtus
1107 1119 1192 1204 111,d

109 1217 149 1290 ast,
170 1212 277 1274 Cilices
296 1215 464 1275 invaserant
482 1218 575 1276 maria
594 1214 777 1295 sublatisque
795 1216 993 1294 commerciis,
1012 1221 1099 1292 rupto

83 1311 101 1350 1⁰
110 1295 209 1361 loedere
232 1305 351 1381 generis
374 1303 509 1384 humani,
533 1307 576 1364 sic
599 1307 692 1364 maria
714 1304 793 1365 beIIo
817 1306 901 1384 quasi
924 1310 1098 1382 tempestate

60 1400 62 1405 '
110 1390 319 1463 praecluserant.
370 1393 522 1453 audaciam
558 1393 683 1471 perditis
719 1394 899 1472 furiosisque
934 1391 1134 1453 latronibusn

110 1473 179 1540 dabat
200 1481 335 1559 inquieta
355 1480 563 1542 Mithridaticis
586 1481 709 1560 proeliis
732 1482 814 1563 Asia,
838 1482 908 1542 dum
933 1480 987 1542 sub
1010 1481 1100 1541 alieni

110 1560 162 1627 helli
191 1569 321 1630 tumultu
352 1573 506 1649 exterique
534 1573 615 1649 regis
642 1570 753 1630 invidia
780 1574 891 1650 inpune
920 1577 1099 1649 grassantur.

110 1668 133 1712 te
158 1660 286 1736 primum
314 1658 389 1720 duce
416 1659 529 1720 Isidoro
558 1661 690 1720 contenti
716 1663 851 1738 proximo
879 1662 955 1720 mari
982 1659 1134 1720 Cretama

86 1740 170 1805 onor
196 1754 285 1826 atque
308 1746 438 1827 Cyrenas
461 1756 491 1809 et
513 1748 652 1809 Achaiam
675 1751 832 1827 sinumque
855 1748 994 1828 Maleum,
1020 1747 1098 1826 quod

110 1834 234 1913 asponis
258 1854 381 1897 aureum
404 1840 463 1917 ipsi
490 1856 644 1918 vocavere,
671 1837 930 1899 latrocinabantur.
976 1839 1098 1897 missus·
1118 1846 1135 1894 4

111 1935 152 1996 quc
179 1927 210 1985 in
243 1943 294 1985 eos
321 1925 352 1986 P.
377 1926 519 1987 Servilius
548 1929 681 2006 quamvis
711 1927 791 1986 leves
819 1934 849 1987 et
876 1928 995 2006 fugaces
1019 1943 1099 2005 myo-

109 2023 217 2083 paronas
249 2016 332 2093 gravi
363 2021 393 2075 et
417 2015 522 2076 Martia
553 2015 647 2076 classe
679 2015 826 2095 turbaret,
858 2034 917 2076 non
945 2018 1100 2075 incruenta

109 2097 213 2162 intona
255 2109 383 2183 superat.
436 2103 489 2164 scd
526 2123 581 2165 nec
618 2107 694 2165 mari
727 2104 910 2165 submovisse
944 2110 1135 2164 contentus5

85 2185 287 2252 llvalidissimas
319 2192 410 2253 urbes
443 2211 546 2253 eorum
574 2200 603 2253 et
632 2193 745 2253 diutina
772 2193 881 2272 praeda
909 2191 1101 2270 abundantes,
1126 2254 1133 2279 Ι

109 2268 229 2341 Phaselin
253 2287 282 2340 et
301 2279 446 2360 Olympon
469 2284 575 2341 evertIt
592 2281 769 2359 Isaurosque
792 2283 888 2359 Ipsam
911 2297 1010 2339 arcem
1031 2279 1100 2338 Cili-

179 2403 194 2450 1
213 2398 335 2502 pompeio
354 2398 381 2453 L
405 2402 409 2469 Ι
434 2401 497 2453 tota
515 2400 542 2453 B
560 2400 653 2453 totum
671 2399 700 2468 (a
717 2415 803 2468 supra
821 2415 840 2450 u
857 2414 892 2452 m.
911 2401 942 2467 2)
961 2396 995 2449 N
1011 2400 1016 2466 Ι
1040 2395 1101 2449 asia

109 2494 153 2570 ΒΙΙ
172 2507 189 2556 3
206 2503 297 2573 partis
316 2507 442 2575 (spiritua
458 2524 492 2560 m.
513 2507 541 2575 1)
558 2505 587 2559 Β
603 2509 607 2573 Ι
623 2505 748 2575 phoedus
767 2505 795 2558 Β
813 2507 822 2574 ss
840 2511 858 2558 4
876 2502 988 2557 adhunc
1007 2502 1036 2571 (n
1055 2518 1102 2555 ex-

106 2577 192 2635 imit
209 2582 275 2630 m.1
295 2583 321 2631 et
334 2578 365 2658 2)
381 2576 431 2644 NI
446 2593 498 2630 nos
517 2593 574 2630 non
593 2577 616 2631 0
626 2580 665 2645 115
683 2574 860 2646 pompeianis
878 2577 970 2645 (prior
987 2573 998 2625 i
1016 2589 1103 2642 supra

108 2649 205 2716 mom)
229 2646 258 2700 L
278 2648 288 2715 [Ι
311 2655 326 2702 o
349 2647 425 2716 1gnis
448 2648 481 2702 N
500 2647 614 2717 ignibus
638 2648 671 2702 N
674 2648 684 2678 ²
707 2651 717 2717 ΙΙ
741 2654 755 2701 7
778 2661 956 2702 rxnnmoou
974 2647 1102 2699 Barna

109 2722 186 2771 novar
203 2716 232 2771 L
255 2721 266 2788 fl
288 2723 304 2772 8
327 2718 395 2771 dum
415 2718 447 2786 0,
475 2720 547 2788 quod
568 2719 684 2786 fortasse
702 2721 819 2788 recipere
838 2719 900 2773 Ia'cet
921 2720 925 2785 Ι
950 2715 1101 2771 destrictus

107 2780 289 2843 Bdistractue
310 2789 334 2844 0
352 2791 362 2859 ΙΙ
386 2793 420 2842 10
437 2790 577 2859 phoedere
595 2791 624 2845 Β
646 2795 655 2856 n
676 2795 708 2843 11
727 2790 917 2859 preduxerunt
935 2789 962 2841 L
978 2791 982 2856 Ι
998 2788 1102 2841 audae-

107 2853 166 2911 dam
187 2861 213 2929 (e
236 2861 324 2916 delae
342 2867 368 2915 et
384 2876 471 2929 cupra
488 2878 547 2916 cam
565 2878 666 2916 rasura
683 2865 768 2916 amica
786 2863 892 2916 litterae
909 2861 951 2915 uel
968 2860 1103 2930 cirqcloe)

105 2922 314 3000 BIperiosiqua
331 2932 360 2986 Β
373 2932 383 3000 ΙΙ
397 2937 430 2984 12
448 2930 649 2985 mithridaticis
668 2934 800 3002 (mimum
820 2949 835 2985 e
854 2934 886 2986 in
904 2931 914 2984 i
932 2931 1049 2985 ructavit
1066 2946 1102 2982 m.

60 3038 62 3075 Ι
105 3002 154 3069 rec.)
167 3002 200 3056 N
209 3005 219 3072 [Ι
236 3009 267 3056 13
282 3001 464 3071 exterritique
477 3003 506 3057 Β
521 3005 525 3072 Ι
541 3001 679 3056 inuidiam
688 3003 717 3057 Β
732 3006 736 3072 Ι
752 3002 867 3072 impune
878 3005 904 3056 Β
920 3005 924 3070 Ι
941 3000 1104 3054 crassantur

103 3066 125 3121 Β
143 3076 152 3142 Ι
174 3078 207 3127 15
232 3073 324 3142 adque
343 3073 373 3143 (d
390 3075 423 3127 io
439 3075 453 3127 t
471 3076 641 3129 currerit-m.
661 3076 689 3143 1)
708 3074 742 3128 N
758 3077 762 3143 Ι
783 3090 897 3142 syrenas
917 3073 944 3126 Β
965 3076 968 3139 Ι
990 3070 1102 3142 signum

103 3155 146 3208 quo
162 3144 191 3199 L
207 3145 217 3215 11
237 3149 270 3199 16
290 3143 427 3214 abspoliis
445 3147 482 3214 B,
501 3151 531 3200 at
547 3163 571 3200 o.
593 3146 736 3201 Goertaius
754 3146 833 3213 Hp.
848 3144 914 3211 ΧΙΙ
930 3142 1103 3208 missumque

100 3210 151 3283 Rq
172 3221 203 3270 17
228 3215 343 3285 publius
361 3217 390 3271 Β
410 3220 419 3282 ΙΙ
443 3220 476 3270 18
498 3232 686 3285 myoparonas
709 3218 738 3285 (y
756 3221 874 3270 correcto
894 3232 927 3268 eoo
944 3212 966 3282 i)
985 3215 1014 3267 B
1031 3212 1101 3265 mio-

98 3298 210 3352 paronas
229 3286 256 3341 L
272 3289 277 3356 Ι
292 3288 391 3342 trubat
404 3289 433 3341 et
451 3285 570 3342 Iahnius
583 3291 593 3355 I
607 3292 640 3341 19
661 3285 845 3341 summouisse
862 3286 889 3339 B
905 3288 908 3354 Ι
925 3285 1102 3352 contemptus

97 3355 186 3426 Lito
206 3357 406 3413 habundantes
424 3358 453 3412 Β
466 3362 476 3426 11
490 3364 523 3411 21
541 3357 681 3426 phaselim
699 3359 727 3411 B
742 3360 746 3426 1
764 3356 907 3425 olympum
924 3357 952 3409 B
968 3359 972 3424 Ι
989 3353 1103 3409 auertit-

97 3443 144 3496 que
157 3445 312 3498 taurosque
325 3430 354 3484 Β
368 3429 472 3484 euertit
484 3428 649 3497 isaurosquo
664 3430 702 3482 Β1
719 3432 723 3497 l
738 3428 908 3495 isauronqua
922 3427 956 3481 N
965 3425 1103 3480 isaurum-

94 3515 145 3567 que
165 3501 194 3555 L
220 3518 259 3555 on
283 3500 485 3568 Isauramqua?
507 3519 531 3556 o.
555 3501 631 3555 Plio.
655 3519 682 3554 n.
706 3501 731 3554 b.
756 3500 845 3568 Van
875 3498 1005 3555 Namatio.
1024 3503 1104 3553 strat.

91 3571 228 3642 1117,1;
246 3573 316 3628 alica
332 3576 336 3642 l
353 3587 446 3626 arcem
464 3574 489 3642 (o
507 3578 626 3627 correcta
643 3588 678 3627 ec
695 3573 718 3641 t)
736 3571 765 3624 Β
