2386 3922
453 158 491 228 Π,
512 165 545 213 13
564 159 637 229 (1111,
657 163 691 229 2)Ι
1013 161 1075 224 145

90 325 209 387 iciendae
232 327 280 387 rei
299 325 426 406 cupidus
445 332 593 385 ostentare
613 327 715 406 aciem,
738 345 897 405 provocare
916 327 1074 411 lacessere3

89 430 149 476 runc
169 414 325 476 obsidione
348 421 522 496 castrorum,
546 432 620 493 quae
645 415 775 475 sedecim
793 415 907 475 milium
930 416 1004 477 vallo
1023 419 1073 479 ob·
1093 433 1127 480 39

88 501 191 564 duxerat
209 537 252 547 -
271 503 324 564 sed
347 503 419 582 quid
441 503 488 563 his
508 502 627 563 obesset
646 502 770 584 obsidio,
794 507 845 583 qui
863 512 981 583 patente
1001 511 1074 567 mari

87 591 205 654 omnibus
224 593 319 672 copiis
334 590 539 653 abundarent?
553 626 595 634 —
610 610 689 653 nunc
704 595 920 671 expugnatione
934 593 1074 673 Dyrrachi
1093 611 1128 658 4o

68 682 172 763 thura,
194 683 305 761 quippe
329 699 418 760 quam
440 680 486 741 vel
510 684 584 741 situs
608 680 866 760 inexpugnabilem
890 683 1011 762 laceret3
1039 684 1074 743 ad

81 767 126 830 boc
150 770 281 831 adsiduis
308 771 340 830 in
366 772 521 848 eruptione
543 769 674 831 hostium
697 770 832 850 proeliis,
861 789 918 849 quo
942 778 1074 850 tempore

79 861 184 938 egregia
201 861 296 920 virtus
311 858 466 919 Scaevolae
486 861 668 918 centurionis
689 861 818 939 emicuit,
837 862 921 920 cuius
940 862 972 919 in
992 867 1074 920 scuto

79 954 185 1009 centum
221 955 309 1026 atque
345 949 450 1026 viginti
481 946 538 1006 tela
572 947 725 1028 sederunt3
762 950 821 1008 iam
855 967 923 1007 vero
955 947 1074 1009 urbium
1093 965 1126 1011 41

77 1034 233 1116 direptione
270 1038 417 1097 sociarum
454 1054 521 1096 cum
553 1034 674 1096 Oricum
712 1043 741 1096 et
774 1036 922 1115 Gomphos
957 1044 987 1096 et
1018 1037 1073 1097 alia

76 1125 186 1185 castella
222 1123 390 1185 Thessaliae
427 1131 561 1184 vastaret.
629 1124 787 1204 Pompeius
824 1126 965 1186 adversus
1002 1127 1074 1187 haec
1094 1142 1127 1189 42

74 1220 185 1274 nectere
223 1231 334 1295 moras,
370 1215 572 1292 tergiversari,
610 1213 697 1274 simul
734 1215 850 1274 hostem
880 1215 1074 1276 interclusum

73 1303 197 1382 undique
228 1304 329 1382 inopia
361 1309 577 1363 commeatuum
605 1309 716 1384 terere,
748 1321 842 1382 usque
870 1303 940 1363 dum
970 1304 1074 1368 arden-

73 1393 174 1453 tissimi
201 1390 286 1451 ducis
313 1398 540 1452 consenesceret
566 1393 702 1469 impetus.
748 1411 803 1452 uec
827 1392 939 1452 diutius
962 1394 1074 1471 profuit
1093 1408 1126 1455 43

71 1479 151 1541 ducis
174 1479 302 1540 salutare
321 1478 486 1540 consilium.
524 1478 609 1539 miles
629 1482 731 1560 otium,
756 1483 829 1540 socii
849 1498 969 1560 moram,
992 1485 1074 1560 prin-

71 1571 148 1649 cipes
184 1568 327 1629 ambitum
363 1568 446 1628 ducis
479 1567 678 1646 increpabant.
734 1571 777 1629 sic
809 1568 1073 1648 praecipitantibus

70 1656 134 1719 istis
161 1656 274 1736 proelio
303 1664 416 1735 sumpta
445 1657 596 1717 Thessalia
624 1665 680 1738 est,
709 1665 738 1718 et
760 1657 933 1737 Philippicis
962 1661 1073 1737 campis

70 1746 149 1808 urbis
177 1747 297 1824 imperii
319 1747 437 1824 generis
460 1746 582 1806 humaui
605 1746 662 1806 lata
685 1749 840 1808 commissa
865 1755 940 1808 suut.
988 1765 1073 1808 num·
1094 1761 1129 1808 44

69 1853 154 1916 quam
185 1835 246 1895 ullo
277 1833 341 1895 loco
373 1840 487 1895 tantum
518 1837 626 1896 virium
657 1836 758 1915 populi
789 1836 926 1918 Romani,
958 1844 1075 1897 tantum

69 1924 217 2004 dignitatis
244 1922 373 1983 Fortuna
405 1926 548 2002 respexit:
580 1930 711 1985 trecenta
743 1925 869 2003 amplius
897 1926 976 1986 milia
1003 1926 1074 1986 hinc

69 2012 112 2075 rel
141 2013 223 2073 illinc
250 2018 368 2090 praeter
395 2011 502 2072 auxilia
535 2030 621 2089 reges
654 2019 684 2072 et
717 2020 860 2074 senatum.
915 2034 1075 2094 numquam
1095 2029 1128 2077 45

71 2101 250 2162 buminentis
273 2103 375 2161 ruinae
399 2101 600 2160 manifestiora
624 2100 771 2178 prodigia:
795 2101 862 2179 luga
881 2105 1075 2184 victimarum,

142 2402 156 2449 1
176 2395 352 2450 bestenteret
370 2398 410 2465 (et
428 2415 461 2450 m.
478 2402 494 2450 1
513 2401 634 2451 correcto
652 2396 684 2448 r'o
701 2394 820 2463 11Β112
839 2410 896 2447 non
909 2395 936 2447 Β
952 2396 956 2463 1
972 2396 1075 2448 castro·

74 2481 186 2536 rumque
205 2468 233 2521 Β
251 2469 406 2521 castrorum
425 2467 526 2536 quibus
543 2465 665 2520 sedecim
678 2464 788 2518 milium
801 2463 909 2518 vallum
922 2463 1076 2520 obduxerat

73 2535 200 2593 Halmius
219 2541 223 2608 1
245 2537 385 2592 sexdecim
403 2539 429 2591 L
449 2542 453 2605 1
474 2537 584 2591 milium
602 2539 660 2607 (um
677 2543 824 2591 correctum
842 2554 876 2591 m.
892 2542 908 2590 1
927 2553 960 2591 ecc
978 2539 1005 2606 a)
1021 2538 1048 2591 Β
1071 2538 1074 2608 1

73 2608 146 2663 nollo
164 2612 190 2678 (o
209 2617 329 2664 correcto
346 2627 380 2664 m.
397 2615 413 2663 1
432 2627 465 2664 erc
484 2609 552 2679 ium)
571 2611 598 2663 Β
618 2610 623 2677 1
644 2607 819 2662 obduxerant
837 2607 864 2660 Β
887 2609 896 2676 11
919 2614 934 2661 3
952 2607 976 2660 is
995 2609 1022 2662 Β
1040 2608 1075 2662 iis

75 2676 223 2749 1111111111
237 2686 253 2732 4
273 2679 449 2734 abundarent
463 2683 608 2750 (posterior
621 2697 641 2732 n
655 2697 740 2748 supro
753 2681 868 2747 uersum)
882 2678 910 2731 Β
925 2683 929 2746 1
945 2679 1075 2747 dyrrhnei

74 2746 99 2802 Β
115 2750 256 2820 dyrrachii
275 2752 308 2804 N
323 2751 456 2804 dirrechii
474 2753 501 2805 L
523 2755 532 2821 11
553 2755 569 2803 5
588 2749 669 2804 irrita
687 2750 714 2803 Β
739 2751 742 2819 1
768 2765 852 2816 quam
870 2748 914 2801 uis
932 2749 1002 2802 situs
1021 2752 1048 2804 Β
1066 2751 1075 2822 11

75 2822 90 2870 t
106 2821 211 2876 esiduis
225 2823 253 2876 Β
268 2826 272 2888 1
289 2821 448 2891 inruptione
462 2823 490 2876 Β
507 2821 711 2890 ineruptionem
725 2821 752 2873 L
770 2822 779 2890 11
798 2826 812 2874 ‘1
828 2819 944 2873 sceuolae
959 2823 991 2888 (ae
1005 2838 1073 2876 corr.

75 2904 104 2946 ta
121 2897 175 2963 am)
190 2894 216 2946 L
233 2896 237 2961 1
254 2895 363 2946 scutum
377 2893 410 2946 N
420 2895 429 2962 11
443 2897 459 2945 8
473 2893 533 2946 telo
552 2910 602 2946 om.
617 2893 644 2945 L
660 2895 664 2961 1
681 2891 752 2946 CXX
765 2890 825 2945 tela
838 2890 868 2943 in
882 2906 936 2944 uno
951 2893 1029 2943 scuto
1043 2895 1075 2944 iot

76 2974 153 3088 norp.
168 2965 199 3018 N
206 2965 215 2994 ²
229 2965 238 3033 11
259 2971 274 3018 9
294 2963 445 3017 directione
464 2965 491 3017 L
511 2964 515 3032 1
539 2962 645 3017 oricdm
663 2965 701 3032 (m
720 2969 808 3033 erasa)
828 2963 859 3015 N
877 2965 881 3030 1
902 2961 1028 3032 gonphos
1047 2962 1075 3015 Β

79 3037 125 3103 pop
145 3052 176 3089 os
187 3079 193 3090 .
204 3035 230 3088 L
243 3038 252 3104 11
267 3040 300 3088 10
320 3033 437 3088 castella
455 3052 506 3089 om.
520 3035 548 3088 Β
564 3036 568 3103 1
583 3035 646 3088 thes
662 3032 735 3087 aliae
750 3035 798 3159 Bel
814 3034 959 3086 uastarent
973 3032 1007 3085 N
1016 3033 1020 3100 1
1040 3038 1071 3084 11

79 3107 194 3160 neoterre
208 3109 235 3159 Β
251 3109 255 3176 1
272 3106 312 3159 sic
328 3106 438 3159 hostem
451 3106 479 3159 Β
498 3104 581 3158 simul
599 3107 631 3158 ut
648 3105 758 3158 hostem
799 3129 806 3160 ι
824 3105 930 3158 correct
948 3101 1002 3155 sim
1046 3104 1075 3156 et

80 3173 222 3244 Gocrtro'oe,
239 3179 286 3232 aad
303 3179 445 3246 archetypi
461 3179 600 3244 scriptura
617 3178 725 3232 videtur
742 3178 826 3242 foisse
845 3172 928 3227 simul
946 3172 992 3227 uel
1006 3173 1046 3226 sic
1066 3175 1074 3244 11

80 3249 106 3299 12
124 3250 301 3302 concentuum
318 3249 346 3302 B
362 3248 366 3319 1
382 3248 498 3301 terreret
516 3249 602 3316 utque
621 3249 680 3316 (om.
696 3247 772 3316 dum)
793 3245 816 3299 0
832 3247 842 3314 11
865 3250 897 3298 13
917 3260 980 3297 cum
998 3259 1075 3298 sene·

79 3321 161 3373 sceret
178 3321 205 3373 L
227 3322 236 3388 11
260 3325 293 3371 14
312 3317 377 3372 duci
396 3320 437 3388 01
453 3316 534 3372 miles
557 3322 589 3373 o'ro
606 3317 655 3373 ille
673 3321 789 3372 mutavit
807 3317 840 3369 N
843 3317 853 3346 ²
872 3318 881 3385 11
904 3321 937 3369 16
955 3314 1076 3369 theselie

77 3386 286 3444 Bthessaliaest
304 3392 341 3460 (st
358 3393 391 3444 o'oa
408 3406 508 3443 rasura
526 3408 560 3444 m.
575 3393 602 3460 1)
621 3391 655 3443 Ν
668 3393 677 3455 11
696 3395 728 3442 17
748 3386 823 3441 orbis
840 3388 867 3440 B
885 3389 894 3453 11
914 3392 945 3438 19
965 3385 1076 3440 fortune

74 3459 146 3515 uidit
160 3462 199 3530 01
216 3461 281 3514 hinc
298 3460 368 3515 belli
386 3460 465 3514 illinc
483 3460 586 3515 Ohino
604 3459 650 3514 uel
668 3460 747 3513 illinc
761 3465 824 3528 post
842 3456 948 3511 auxilie
961 3458 1075 3513 Momm-

73 3535 222 3602 repositio
240 3547 337 3600 regum
356 3534 385 3587 et
403 3533 516 3586 senatus
532 3531 621 3602 01111
641 3529 771 3601 prodigia
789 3531 817 3598 (a
834 3536 951 3585 correcta
967 3547 1000 3584 ero
1013 3529 1034 3599 i)
1048 3531 1076 3584 Β

124 3632 207 3672 Florus
222 3631 256 3670 ed.
272 3631 296 3670 O.
309 3631 464 3672 Rossbach.
832 3625 864 3674 10
