2386 3922
135 166 202 230 148
499 166 610 217 FLORI
627 164 787 217 EPITOMA

133 335 236 412 forma,
260 338 290 391 et
314 349 388 410 quae
413 329 615 410 duplicaretur
638 348 674 390 ex
693 328 753 410 illo,
777 327 856 407 quod
874 326 944 388 talis
961 344 1042 409 passa
1056 323 1115 385 ride

82 435 115 484 cr
133 421 220 482 batur
248 423 401 499 iniuriam,
430 419 531 479 odium
558 420 654 498 ipsius
680 420 775 498 regis,
802 419 855 496 qui
877 415 1000 497 Pompei
1024 413 1117 476 caedem

130 513 261 589 partium
289 509 362 590 lato,
390 525 450 568 non
474 507 594 568 Caesari
620 507 756 587 dederat,
783 505 861 566 haud
890 504 981 566 dubie
1008 501 1118 565 idemh

77 613 111 662 58
130 602 230 678 ipsum
258 615 399 677 ausurus,
426 598 453 656 si
481 595 658 674 expedisset.
706 613 793 675 quam
819 594 872 656 ubi
895 593 1004 656 Caesar
1025 589 1119 653 restitui

130 690 218 748 iussit
245 689 278 747 in
305 704 444 766 regnum,
472 687 572 745 statim
595 684 631 744 ab
654 684 751 745 isdem
773 683 1001 763 percussoribus
1021 677 1119 759 Pompo
1141 726 1148 741 -.

132 776 272 837 obsessus
296 777 328 836 in
350 776 433 853 regia
457 775 590 853 quamvis
612 775 717 852 exigua
736 791 826 834 manu
845 773 977 852 ingentis
995 771 1119 833 exercitu

79 880 111 928 59
132 865 240 926 molem
272 866 347 924 mira
379 865 487 923 virtute
521 864 670 923 sustinuit.
721 881 755 923 55
782 864 914 942 primum
941 862 1120 940 proximonrn

131 953 336 1014 aedificiorum
363 959 451 1030 atque
479 950 627 1011 navalium
651 950 789 1012 incendio
814 951 994 1011 infestorum
1015 948 1121 1010 hostiur

131 1043 189 1103 tela
214 1043 381 1122 summovit,
404 1059 471 1100 mox
491 1042 523 1100 in
541 1039 746 1118 paeninsulam
765 1039 882 1100 Pharon
901 1039 1020 1100 subitus
1036 1036 1120 1112 erasit

131 1131 201 1191 inde
221 1131 363 1209 depulsus
382 1132 414 1189 in
433 1131 525 1190 maria
545 1131 621 1188 mira
634 1129 774 1189 felicitate
789 1128 825 1188 ad
840 1130 1008 1209 proximam
1019 1125 1121 1187 classem

132 1222 269 1300 enatavit,
291 1218 395 1279 relicto
420 1218 541 1297 quidem
563 1220 595 1278 in
618 1217 757 1279 lluctibus
780 1217 989 1296 paludamento
1013 1233 1063 1276 seu
1077 1212 1120 1273 fao

133 1327 185 1368 seu
214 1307 351 1388 consilio,
378 1313 411 1367 ut
434 1306 505 1366 illud
529 1306 737 1386 ingruentibus
759 1307 891 1368 hostium
914 1305 982 1366 telis
1007 1305 1120 1380 saxaque

79 1412 114 1461 5ο
133 1404 292 1476 peteretur.
338 1403 409 1456 tunc
437 1402 575 1474 receptus
598 1415 614 1456 a
638 1396 770 1456 classicis
795 1397 871 1476 suis,
899 1394 1032 1474 undique
1053 1382 1121 1452 simul

132 1487 233 1546 hostes
265 1486 386 1545 adortus
419 1484 454 1544 de
488 1483 591 1543 inbelli
618 1503 652 1544 ac
679 1484 791 1563 perfida
820 1491 908 1563 gente
937 1486 1016 1544 iusta
1041 1475 1120 1560 generi

134 1574 269 1634 manibus
293 1574 381 1634 dedit.
427 1574 537 1652 quippe
561 1579 591 1633 et
613 1573 792 1654 Theodotus,
815 1575 956 1652 magister
981 1576 1120 1657 5551551111

133 1665 223 1723 totius
246 1661 326 1742 belli,
348 1669 378 1722 et
400 1679 437 1721 ne
461 1661 556 1721 virilia
579 1661 700 1740 quidem
722 1669 868 1741 portenta,
890 1660 1036 1721 Pothinus
1053 1663 1121 1735 atque

134 1751 317 1830 Ganymedes
345 1750 460 1810 diversa
487 1768 541 1828 per
569 1769 650 1811 mare
679 1758 709 1811 et
735 1757 831 1811 terras
860 1750 928 1829 luga
954 1755 1049 1809 morte
1069 1760 1121 1806 corr

134 1841 253 1917 sumpti.
298 1840 377 1916 regis
404 1840 498 1916 ipsius
526 1856 635 1918 corpus
663 1839 803 1900 obrutum
826 1839 896 1899 limo
920 1844 1071 1916 repertum
1089 1834 1122 1892 cst

134 1930 165 1986 in
188 1945 293 1986 aureae
317 1926 425 1987 loricae
448 1926 568 1986 honore.

81 2032 114 2080 51
200 2015 233 2075 15
260 2015 327 2075 Asia
355 2033 472 2093 quoque
500 2033 592 2076 novus
620 2035 721 2078 rernm
749 2024 846 2076 motus
875 2035 892 2076 5
918 2015 1028 2095 Ponto,
1056 2012 1123 2092 plane

136 2106 219 2183 quasi
238 2104 274 2163 de
293 2104 438 2164 industria
458 2111 592 2182 captante
612 2105 729 2166 fortuna
746 2106 824 2166 hunc
838 2104 1038 2165 Mithridatico
1051 2111 1123 2177 regno

135 2197 260 2273 exitum,
288 2200 321 2253 ut
349 2213 365 2253 a
387 2193 527 2272 Pompeio
550 2201 647 2275 pater,
676 2213 692 2254 a
716 2194 841 2254 Caesare
865 2193 945 2254 lilius
969 2194 1125 2253 vinceretur.

208 2389 221 2436 1
236 2383 342 2438 formae
357 2385 385 2437 et
398 2384 426 2437 Β
441 2387 446 2452 1
462 2383 552 2437 forma
566 2383 595 2436 et
611 2382 687 2451 quod
702 2381 893 2452 duplicaretur
909 2378 1125 2449 Freadeobcoio

134 2455 224 2508 forma
238 2457 274 2523 et,
294 2471 365 2523 qnae
380 2453 573 2524 duplicaretur
582 2485 615 2494 —
626 2453 729 2507 iniuria
744 2457 773 2508 55
787 2453 884 2508 odium
898 2453 1122 2516 Bactranorum

136 2528 233 2594 etpost
242 2524 332 2578 forma
341 2528 484 2607 dclcrtdom
493 2532 565 2580 estet
574 2531 637 2579 onte
647 2524 742 2607 odium
752 2523 931 2594 ponendam?
941 2524 949 2596 11
960 2530 975 2578 2
985 2518 1124 2605 pompeium

134 2597 275 2734 stent
289 2595 1124 2738 555515555115155155115515

135 2737 393 2805 (5559515555551Β
410 2741 414 2807 1
430 2737 454 2790 si
467 2738 571 2792 ruisset
583 2737 714 2791 hoccasio
728 2738 756 2791 B
769 2740 779 2807 11
793 2743 809 2791 5
823 2737 935 2791 hisdem
944 2738 973 2791 Β
986 2736 1084 2791 eisdem
1093 2726 1111 2785 0
1118 2725 1122 2795 1

135 2805 260 2876 pompeii
273 2806 299 2859 L
317 2808 325 2874 11
345 2813 360 2859 6
379 2809 527 2876 quamquis
547 2813 582 2878 (2.
597 2827 616 2877 q
634 2827 693 2878 cap.
708 2815 774 2864 m.1
794 2816 819 2863 ct
836 2827 870 2863 m.
885 2811 917 2877 2)
931 2808 966 2862 N
978 2809 982 2877 1
998 2806 1090 2876 exigui
1102 2800 1125 2867 (a

136 2896 170 2932 m.
187 2876 947 2949 155555511Β15555Β118555555555115555.
964 2880 991 2933 Β
1005 2880 1014 2948 11
1027 2883 1042 2930 9
1055 2882 1124 2946 paene

136 2947 259 3002 insulam
276 2947 314 3011 01
331 2948 411 3002 faron
427 2950 467 3019 Ol
483 2950 575 3004 euasit
593 2953 618 3018 (a
637 2958 758 3006 correcte
776 2968 809 3006 coc
827 2949 866 3021 in)
884 2950 911 3004 L
930 2953 939 3020 11
959 2955 992 3003 10
1011 2941 1124 3004 felicitato

138 3020 174 3089 (ci
194 3037 280 3089 sopra
298 3023 412 3088 ocream)
431 3021 458 3073 L
482 3021 486 3092 1
513 3022 550 3074 ad
569 3022 598 3090 (d
616 3029 736 3076 correcto
753 3041 788 3076 m.
809 3029 823 3075 1
843 3039 876 3076 car
894 3023 917 3092 t)
937 3022 965 3075 B
989 3025 998 3091 1
1022 3026 1051 3073 11
1069 3012 1126 3071 lacto

137 3094 168 3145 in
187 3091 246 3145 fato
265 3094 381 3146 mutavit
397 3091 437 3144 B¹
450 3093 460 3160 11
476 3099 507 3144 12
527 3094 559 3145 ut
577 3110 626 3147 om.
642 3095 669 3147 Β
686 3095 690 3162 1
706 3092 898 3147 incruentibus
914 3093 965 3161 Β1
981 3099 1014 3146 13
1032 3077 1127 3149 5551101

139 3185 172 3233 14
191 3164 305 3233 adhrtus
324 3180 351 3234 L
373 3183 377 3248 1
402 3179 514 3234 debella
532 3183 591 3234 tam
609 3181 717 3251 perfida
736 3184 797 3249 (om.
817 3184 860 3250 ac)
879 3181 906 3234 L
932 3183 936 3250 1
959 3181 1014 3236 hac
1034 3181 1060 3234 Β
1078 3173 1128 3249 111
1161 3184 1163 3203 ²

138 3251 302 3320 ganimedes
321 3253 351 3320 (g
368 3258 488 3306 correcta
506 3269 540 3306 55
558 3269 572 3305 5
591 3271 624 3306 m.
641 3255 667 3322 1)
682 3253 710 3306 Β
728 3252 899 3322 ganymedes
919 3254 948 3322 (y
962 3256 1131 3308 correctore1

138 3341 172 3377 55.
190 3326 215 3391 1)
230 3323 263 3375 Ν
277 3323 441 3391 ganimadas
455 3323 483 3376 L
498 3324 502 3392 1
519 3325 548 3376 55
566 3330 629 3378 onte
646 3324 736 3378 morte
754 3326 819 3378 odd.
836 3323 879 3394 011
894 3328 927 3378 18
942 3323 1048 3394 Rexgia
1064 3325 1091 3394 (x
1101 3331 1132 3374 ot·

135 3397 252 3462 proreta)
271 3394 297 3446 L
311 3397 320 3462 11
335 3399 367 3448 19
388 3409 489 3447 aureae
508 3396 537 3463 (5
555 3411 641 3463 sopra
659 3412 764 3450 ocream
782 3395 973 3465 5511Β1120
993 3396 1096 3449 mortus
1113 3399 1136 3445 at

140 3466 238 3586 pipppte
257 3465 284 3518 Β
305 3465 309 3536 1
329 3465 413 3534 plane
433 3481 488 3588 oni}
498 3465 526 3518 Β
546 3467 555 3534 11
577 3471 609 3518 22
630 3481 646 3518 a
661 3474 726 3535 post
743 3468 775 3520 ut
793 3484 843 3521 om.
859 3467 886 3519 B
906 3469 911 3535 1
932 3482 1081 3521 aecaesaro
1098 3464 1140 3531 Ll

202 3553 214 3586 s
232 3553 318 3604 supra
335 3554 441 3591 uersam
