2386 3922
419 181 458 252 u,
477 186 501 236 a.
521 182 617 252 amr,
638 185 760 253 u-a).
1029 183 1092 249 123

76 342 221 408 tristius?
258 346 330 426 quid
366 345 588 409 calamitosius?
625 367 693 408 cum
730 366 816 408 omne
851 347 967 409 Latium
1004 358 1090 430 atque

78 434 238 517 Picenum,
265 435 386 497 Etruria
409 438 505 496 omnis
529 444 616 515 atque
641 435 810 516 Campania,
835 445 986 516 postremo
1009 438 1091 500 ltalia

81 532 184 586 contra
215 531 343 585 matrem
374 543 459 585 suam
491 543 524 585 ac
551 534 705 604 parentem
732 525 837 586 urbem
865 536 1090 609 consurgerent3

85 632 149 675 oum
168 632 258 674 omne
276 612 369 674 robur
383 613 614 675 fortissimorum
628 613 927 693 fidelissimorumque
942 617 1090 677 sociorum
1110 633 1125 680 6

68 702 137 763 ιιιὼ
161 705 226 764 suis
250 705 376 782 quisque
399 704 492 781 signis
510 702 654 763 haberent
672 703 862 782 municipalia
879 702 928 762 illa
947 705 1090 786 prodigia,

88 789 269 871 Poppaedius
282 792 395 853 Marsos
411 798 441 852 et
454 789 660 872 <Paelignos>,
673 792 793 852 Latinos
805 793 952 873 Afranius
966 793 1090 854 Vmbros

90 877 208 962 Plotius,
235 880 378 960 Egnatius
405 880 561 961 Etruscos,
589 882 741 941 Samnium
764 880 983 960 Lucaniamque
1007 881 1089 942 Tele·

92 970 178 1050 sinus3
206 987 275 1030 cum
301 988 406 1048 regum
434 976 465 1030 et
491 972 623 1047 gentium
651 969 762 1030 arbiter
784 971 911 1049 populus
935 974 1033 1050 ipsum
1058 989 1088 1031 se
1110 987 1123 1034 1

92 1074 184 1134 regere
206 1075 268 1117 non
289 1066 401 1139 posset,
425 1065 454 1119 et
477 1060 583 1119 victrix
605 1059 691 1120 Asiae
715 1067 745 1119 et
765 1058 900 1139 Europae
924 1080 940 1120 a
960 1058 1089 1120 Corfinio

68 1142 173 1205 atoma
196 1145 393 1225 adpeteretur.

147 1233 279 1295 Primum
302 1235 357 1296 init
379 1235 450 1296 belli
473 1237 639 1317 consilium,
662 1245 696 1297 ut
714 1239 745 1296 in
763 1236 875 1297 Albano
894 1245 993 1298 monte
1013 1238 1089 1298 sesto
1109 1253 1125 1302 8

92 1321 132 1382 die
148 1323 319 1385 Latinarum
336 1324 431 1386 lulius
449 1325 559 1386 Caesar
582 1333 611 1385 et
630 1325 757 1386 Marcius
776 1325 929 1405 Philippus
953 1326 1089 1387 consules

91 1412 159 1472 inter
190 1431 274 1474 sacra
305 1422 336 1474 et
366 1432 432 1474 aras
464 1414 696 1475 immolarentur.
756 1421 912 1493 postquam
944 1415 974 1475 id
1006 1417 1123 1478 nelase

89 1501 248 1579 proditione
277 1502 444 1563 discussum
473 1510 531 1583 est,
558 1502 664 1564 Asculo
693 1503 775 1563 furor
799 1506 895 1564 omnis
919 1507 1030 1584 erupit,
1057 1507 1089 1564 in

68 1591 145 1668 1lipsa
171 1591 293 1670 quidem
319 1591 456 1652 ludorum
484 1592 651 1671 frequentia
678 1591 833 1651 trucidatis
862 1595 914 1671 qui
942 1600 1012 1653 tunc
1038 1593 1087 1653 ad-

88 1686 166 1740 erant
187 1679 224 1740 ab
247 1679 321 1740 urbe
344 1680 456 1760 legatis.
502 1681 558 1741 hoc
581 1682 637 1742 luit
659 1681 745 1759 impii
766 1679 838 1740 belli
862 1691 1087 1742 sacramentum.

86 1767 150 1828 inde
177 1771 236 1829 iam
262 1771 373 1848 passim
401 1769 437 1830 ab
467 1772 548 1829 omni
574 1777 658 1849 parte
681 1769 781 1829 ltaliae
810 1769 884 1830 duce
914 1778 943 1831 et
969 1778 1087 1832 auctore
1109 1786 1142 1834 10

85 1853 151 1916 belli
178 1857 363 1919 discursante
385 1858 552 1936 Poppaedio
581 1858 695 1920 diversa
719 1877 773 1936 per
795 1858 920 1939 populos
945 1866 974 1919 et
998 1859 1088 1920 urbes

85 1946 163 2024 signa
191 1948 337 2006 cecinere.
378 1965 434 2008 nec
456 1947 629 2008 Hannibalis
652 1966 708 2008 nec
730 1947 836 2027 Pyrrhi
859 1948 915 2009 fuit
937 1955 1018 2009 tanta
1040 1968 1087 2008 va·
1110 1964 1140 2012 11

81 2186 85 2195 ,
148 2139 165 2188 2
183 2133 296 2188 italiam
314 2137 352 2204 (m
370 2136 554 2205 erasurus
575 2152 608 2189 ae
625 2137 770 2205 parentem
789 2151 869 2187 suam
884 2138 906 2189 i}
921 2138 925 2205 1
942 2153 975 2190 aa
989 2141 1014 2207 (e
1028 2155 1087 2207 sup.

83 2208 154 2275 rere.)
164 2206 191 2260 Β
209 2207 213 2275 1
230 2206 409 2275 consurgeret
418 2207 445 2260 B
459 2208 468 2276 11
481 2211 499 2259 4
512 2207 596 2260 robur
610 2209 636 2274 (ο
649 2223 716 2260 corr.
727 2223 761 2259 ex
770 2208 799 2275 u)
809 2205 836 2258 B
853 2208 857 2273 1
873 2205 1088 2262 fortissimorum

84 2276 226 2344 (posterior
243 2274 255 2329 i
272 2294 340 2332 corr.
359 2294 393 2331 ea
412 2279 439 2344 o)
458 2278 485 2331 L
502 2279 511 2346 11
530 2282 546 2330 5
565 2275 749 2345 municipalia
767 2278 876 2343 (ultima
894 2276 904 2328 i
923 2294 991 2332 corr.
1010 2282 1087 2348 eae)

84 2344 157 2417 Β16
179 2347 337 2417 poppedius
356 2348 416 2401 BL
433 2347 588 2418 poppedios
608 2348 651 2414 N,
668 2365 692 2402 u.
707 2347 785 2400 Isioii
798 2363 857 2415 per.
874 2351 906 2400 76
926 2354 951 2402 et
970 2348 997 2402 G.
1012 2350 1037 2403 I.
1053 2350 1086 2404 L.

86 2417 188 2486 X220,
201 2424 257 2474 417
261 2439 271 2484 ;
291 2418 367 2473 Oros.
381 2418 407 2473 V
422 2424 464 2487 18,
480 2425 513 2472 25
531 2417 717 2488 Popaedium,
736 2418 879 2472 Plutarch.
901 2417 958 2472 Cat.
977 2421 1043 2473 mia
1059 2426 1088 2486 2,

86 2490 105 2541 A
148 2490 408 2544 ‘maalmam
422 2508 482 2544 eum
491 2491 672 2560 Hopuaidior
687 2489 828 2559 appellaui
844 2490 848 2556 1
863 2487 1013 2558 Paelignos
1023 2491 1087 2544 add.

122 2562 290 2616 ilerbauerua
302 2561 401 2616 Phiioi.
417 2562 498 2615 XXI
507 2562 614 2632 [1864]
624 2579 654 2630 p.
669 2564 724 2614 163
742 2558 870 2613 Picentes
889 2560 1025 2630 Berpiu'ua
1038 2562 1087 2614 Iu·

88 2631 144 2686 teir.
154 2636 221 2687 rim.
233 2631 462 2702 Sciieuderpescb.
469 2649 499 2701 p.
511 2638 548 2687 60
564 2635 567 2701 1
585 2630 705 2687 afrienos
715 2634 743 2687 B
758 2629 892 2685 affranius
907 2633 935 2699 (u
949 2633 980 2685 in
995 2639 1085 2687 omut.

89 2715 114 2754 a.
126 2705 153 2767 11
172 2703 207 2756 N
213 2707 231 2768 †
250 2703 280 2755 ei
295 2701 410 2756 Latinos
429 2702 560 2758 Afn'enus
579 2704 720 2770 Halmius,
741 2709 771 2757 at
788 2721 811 2758 u.
830 2702 860 2756 0.
876 2701 1002 2757 Keiierua
1019 2721 1086 2758 mus.

91 2768 163 2827 troo
183 2774 313 2828 XXXII
326 2775 434 2845 [1877]
453 2793 482 2844 p.
502 2780 558 2830 437
579 2782 604 2829 et
626 2776 851 2830 Maudeissobaue
870 2773 907 2826 aci
925 2774 1088 2844 Appianum

92 2839 204 2900 baua
219 2844 281 2898 140
301 2848 305 2912 1
325 2844 437 2900 umbros
460 2847 535 2899 totos
554 2847 582 2900 B
600 2845 714 2899 umbros
733 2847 826 2900 icius.
840 2845 872 2900 O:
895 2861 964 2900 corr.
982 2847 1087 2901 Tollius

93 2908 272 2970 Fortuitorum
287 2932 346 2985 cap.
361 2922 408 2984 22,
427 2917 461 2982 cf.
477 2917 556 2971 Liuii
565 2933 623 2984 per.
640 2920 696 2983 141
711 2922 725 2970 7
745 2918 856 2970 senatos
875 2916 903 2982 (v
916 2933 1003 2985 supra
1017 2919 1043 2984 o)
1059 2917 1088 2970 et

93 2985 206 3040 anulos
216 2987 244 3040 Β
254 2989 368 3040 senatus
378 2989 406 3040 ei
416 2985 542 3040 eonsules
556 2986 587 3041 0:
597 3003 665 3041 corr.
677 2988 801 3057 Lipsius,
815 2991 849 3055 cf.
860 2989 1009 3057 Appianas
1018 2988 1035 3040 i.
1046 3004 1067 3041 e.
1082 2988 1085 3058 1

94 3055 210 3110 mnium
219 3057 245 3110 L
259 3059 268 3126 11
281 3057 432 3112 etelesinus
443 3058 470 3110 B
479 3056 536 3110 tale
546 3056 623 3110 sinus
634 3059 803 3126 (posteriore
813 3077 846 3113 m.
856 3059 1029 3126 ziurosura)
1040 3057 1073 3110 N
1078 3059 1087 3122 1

96 3124 201 3181 lterum
210 3129 238 3182 Β
252 3144 369 3199 regnum
379 3128 406 3181 L
419 3130 427 3197 11
442 3133 457 3179 9
472 3130 504 3180 ut
515 3128 538 3182 C
551 3130 554 3196 1
571 3127 617 3182 uic
630 3128 706 3182 iurix
720 3133 905 3199 (posteriorem
919 3146 937 3180 u
952 3133 1088 3198 expunxit

95 3199 193 3268 1111Ν
205 3202 209 3264 1
226 3198 458 3269 asiaeeuropaeque
472 3201 493 3251 0
508 3201 512 3264 1
529 3198 666 3253 aconfinio
680 3202 708 3255 Β
722 3203 730 3270 11
746 3205 779 3253 10
792 3216 871 3253 roma
885 3218 934 3254 om.
946 3200 974 3253 Β
990 3203 994 3266 1
1009 3201 1087 3269 pete-

96 3268 208 3340 miuron
223 3275 255 3323 11
266 3270 360 3325 Primo
369 3272 397 3325 B
414 3278 418 3338 1
433 3269 463 3322 in
478 3269 581 3323 albano
591 3273 685 3325 menie
695 3269 896 3326 consiliumut:
911 3273 1070 3339 transposui
1079 3272 1087 3337 1

97 3339 121 3389 li
135 3341 259 3395 eonsules
279 3344 322 3409 (su
340 3360 373 3396 m.
388 3348 402 3394 1
417 3343 448 3395 iu
460 3358 563 3395 rasura
576 3343 661 3395 trium
675 3344 838 3410 litterarum)
853 3342 880 3395 B
898 3343 907 3412 11
927 3347 961 3394 14
975 3341 1087 3395 aesculo

99 3403 127 3477 01
140 3411 240 3482 eripuit
258 3413 285 3466 B
300 3415 356 3480 1115
375 3413 435 3464 tum
454 3411 497 3480 011
512 3419 544 3465 16
564 3410 619 3465 fuit
636 3411 749 3466 inbellis
768 3414 973 3466 sacramentum
987 3412 1016 3465 Β
1029 3415 1038 3482 11
1053 3419 1085 3467 11

97 3480 184 3542 nasim
209 3483 229 3552 (i
251 3485 373 3538 radeudo
391 3490 511 3538 correcta
528 3500 562 3536 ea
580 3485 608 3563 u)
627 3484 654 3537 B
672 3484 681 3553 11
701 3488 733 3536 18
752 3482 882 3551 pompeio
901 3484 928 3537 B
946 3484 1086 3554 poppedio

100 3545 180 3619 0119
199 3553 340 3608 annibalis
359 3555 387 3607 B
408 3559 411 3622 1
432 3553 509 3623 pyrri
527 3554 555 3607 Β
573 3553 662 3622 pirrhi
680 3555 707 3608 L
