2386 3922
99 135 187 190 XLVI
411 137 612 190 PRAEFATIO
630 137 800 188 EDITORIS

98 325 179 364 mam
194 305 365 366 cautionem
379 304 580 364 adhibendam
595 322 659 364 esse
673 304 801 363 maxime
817 323 853 363 ex
863 303 1111 380 inscriptionibus

98 395 304 474 intellegitur,
331 397 433 455 tamen
456 394 505 455 hic
528 394 567 452 ad
590 392 715 453 eandem
738 396 869 452 aetatem
893 393 1110 473 nominumque

99 484 328 544 similitudinem
368 484 460 543 tertia
500 501 593 542 causa
632 482 750 542 accedit
790 501 885 559 eaque
922 484 1109 560 gravissima

98 573 290 634 Woelfflinus
319 573 397 632 euim
425 591 539 649 paucas
565 572 634 630 illas
663 571 777 649 dialogi
799 571 925 649 paginas
954 575 986 632 et
1015 574 1108 650 epito-

97 681 177 722 mam
204 667 269 723 tam
295 665 362 721 arta
389 661 529 721 dictionis
557 661 735 738 cognatione
765 661 845 720 inter
873 678 903 720 se
933 661 1107 722 coniunctae

97 770 162 811 esse
190 752 293 812 docuit
319 755 356 810 ut
383 751 549 811 abeodem
576 750 696 809 homine
722 768 773 810 eae
795 750 946 826 profectas
970 769 1036 811 esse
1059 771 1106 810 ns·

96 859 178 900 cesse
212 834 292 920 sit¹).
342 840 447 917 itaque
474 840 536 898 iam
564 838 709 898 habemus
736 838 769 898 L.
789 838 949 897 Annaeum
978 871 1021 882 —
1050 841 1106 900 sive

98 929 226 989 Charisii
250 922 292 1011 (p.
313 932 363 1007 53,
385 932 439 1005 143
465 931 537 1006 140,
558 919 639 1009 6Κ.)
663 927 796 988 codicem
813 927 1019 988 Borbonicum
1043 948 1106 989 eum

95 1019 286 1079 Bruxellensi
307 1020 413 1079 10677
434 1017 671 1077 consentientem
689 1017 776 1095 sequi
794 1018 897 1094 marie,
916 1017 1053 1077 Annium
1067 1049 1105 1061 —

95 1108 233 1187 Florum,
257 1117 380 1185 poetam
404 1111 435 1167 et
456 1107 608 1166 rhetorem
632 1108 671 1184 et,
694 1106 720 1165 si
743 1108 788 1166 ita
810 1107 959 1183 epitomae
984 1109 1106 1185 scripto·
1143 1140 1146 1207 Ι

94 1217 160 1257 rem
183 1198 337 1274 appellare
361 1197 440 1274 licet,
468 1196 653 1255 historicum.
701 1195 787 1254 cuius
811 1195 846 1254 de
870 1195 935 1256 vita
959 1216 1037 1272 quae
1061 1216 1104 1256 ex·
1143 1210 1145 1277 ἶ

94 1287 209 1364 plorari
232 1289 368 1364 possunt,
392 1303 460 1344 cum
483 1285 568 1344 facili
589 1284 712 1360 negotio
735 1284 865 1343 maxime
888 1303 924 1344 ex
943 1284 1060 1364 dialogi
1078 1288 1105 1345 et
1142 1286 1145 1419 1

94 1377 262 1435 carminum
280 1375 459 1453 fragmentis
477 1376 623 1450 petantur
641 1375 672 1432 et
695 1373 756 1431 iam
779 1373 817 1432 ab
841 1373 910 1432 aliis
933 1374 1017 1434 dicta
1040 1376 1103 1450 sint

94 1465 142 1523 hic
165 1467 301 1541 repetere
324 1455 449 1545 noluit)

12 1563 79 1656 mea
164 1554 223 1614 Sed
245 1557 435 1612 transeamus
459 1552 497 1612 ad
519 1552 619 1611 Flori
643 1552 792 1628 scripta
833 1551 990 1629 dialogum
1013 1553 1103 1630 igitur
1143 1463 1145 1629 Ῑ

5 1687 9 1701 .
16 1617 79 1710 (αθ
80 1638 150 1719 qui
178 1643 322 1716 Vergilius
349 1646 447 1701 oraim
478 1659 519 1700 aa
544 1645 632 1715 poete
662 1641 838 1700 inscribitur
867 1641 1004 1716 lepidum
1031 1640 1103 1700 illud

8 1724 66 1773 “²¹¹⁰
52 1731 282 1817 tmprooemium
310 1731 478 1797 Tarracone
506 1729 706 1805 compositum
736 1747 799 1788 esse
829 1722 1000 1809 ostendit³).
1047 1748 1100 1809 quo

52 1789 199 1879 tmautem
230 1820 358 1879 modo'
350 1839 450 1896 ipsum
482 1821 693 1894 argumentum
724 1821 890 1878 tractatum
918 1819 1012 1878 fuerit
1039 1838 1101 1879 cou-

17 1924 20 1930 ’
92 1904 217 1968 iacturis
241 1909 361 1986 assequi
384 1928 443 1968 non
461 1926 630 1984 possumus.
659 1907 717 1966 nisi
740 1907 821 1985 quod
843 1907 926 1966 Flori
949 1908 1100 1986 aliquanto

93 1999 269 2059 uiuidiorem
303 2002 333 2057 et
364 1997 581 2074 elegantiorem
609 1997 846 2073 disputationem
874 1997 967 2055 fuisse
1000 1997 1100 2075 proba·

92 2087 153 2146 bile
177 2090 224 2146 est
247 2107 338 2164 quam
360 2086 513 2163 Macrobii,
542 2087 595 2163 qui
622 2086 700 2144 libro
724 2085 968 2145 Saturnaliorum
997 2089 1099 2164 quarto

92 2176 217 2236 eandem
245 2177 453 2257 quaestionem
480 2176 524 2234 ita
548 2175 640 2236 solvit
663 2178 698 2234 ut
721 2194 799 2234 nnus
823 2175 1022 2236 interlocutor
1045 2194 1099 2234 om·

164 2386 190 2454 1)
164 2381 331 2437 l‘Archiv
358 2381 403 2434 fiir
425 2380 523 2435 latein
547 2378 783 2449 Lexilrographie’
809 2377 848 2432 VI
871 2381 962 2449 (1889)
973 2398 1013 2462 p.
1034 2386 1096 2462 leq

92 2455 160 2510 addi
183 2457 277 2524 potest
304 2452 411 2523 pariter
434 2451 551 2519 atque'
543 2469 573 2505 m
596 2450 721 2519 epitoma
742 2453 881 2504 terrarum
904 2450 1020 2506 nomina
1043 2451 1097 2505 sine

91 2521 678 2662 ttdtittltsssttl}{lazzi
692 2524 762 2661 ⁴1³8?
774 2538 923 2674 dimili*
935 2521 1099 2578 G¹⁸⁶⁰⁰¹¹¹m

163 2672 190 2736 2)
209 2668 282 2722 bene
306 2664 534 2734 Schmidingerus
557 2663 576 2719 l.
596 2681 618 2720 o
642 2682 669 2733 p.
690 2669 740 2717 786
764 2665 926 2718 observavit
947 2664 1097 2719 versiculos

90 2738 155 2792 illos
179 2755 226 2808 epo
248 2740 310 2792 ceole
330 2736 430 2791 Caesar
453 2753 506 2791 csse
531 2737 671 2790 ambulare
697 2753 749 2804 pec
771 2737 925 2790 Britannos
948 2752 1023 2791 anno
1046 2736 1098 2790 fere

90 2809 200 2879 Gphr.
222 2814 272 2861 122
301 2809 330 2862 et
356 2806 476 2862 fortasse
499 2807 605 2861 Romae
629 2806 747 2876 scriptos
774 2823 841 2861 esse.
880 2806 984 2861 erravit
1007 2810 1098 2862 tamen

91 2881 167 2950 quod
185 2879 300 2934 Florum
325 2877 409 2933 aliter
431 2882 517 2947 atque
540 2877 716 2932 Hadrianum
740 2878 859 2932 Graecos
884 2877 949 2932 odio
969 2878 1097 2933 habuisse

91 2969 127 3034 ⁰¹.
143 2952 198 3006 hoc
217 2949 339 3004 carmine
359 2949 469 3020 colligit
487 2951 574 3019 (anth.
594 2950 655 3005 Lat.
671 2950 714 3005 ed
729 2949 812 3004 Riese
832 2955 883 3003 2⁵0
899 2976 930 2995 ==
945 2953 1021 3018 poet.
1041 2950 1096 3004 Lat.

90 3023 219 3079 mimed.
239 3021 380 3076 Baehrens
400 3022 438 3075 IV
457 3024 532 3091 417):
569 3039 664 3090 sperae
686 3038 771 3076 merce
798 3023 1006 3088 transmarinos,
1031 3021 1098 3076 melle

89 3097 188 3150 lrabeat
202 3095 311 3161 offecto.
331 3094 522 3148 ciecRomono
533 3111 584 3163 per
597 3095 687 3147 orbem
700 3109 777 3146 nemo
791 3093 859 3146 uicit
872 3094 987 3159 coelica
1002 3095 1096 3163 quippe

90 3168 184 3221 malim
201 3183 288 3220 umam
308 3164 435 3220 Catonem
453 3173 562 3234 quaml
551 3172 680 3220 trecentos
699 3163 833 3219 Socrates.
870 3180 937 3218 nam
955 3165 1097 3219 imrateca

89 3236 295 3391 m&
311 3233 994 3376 ltfttltdltttttitttttttttt
1007 3235 1096 3360 itt·

90 3379 247 3435 admiratus
267 3381 309 3433 est
328 3396 413 3447 quam
431 3378 538 3433 Florus

161 3455 187 3521 3)
214 3469 240 3505 v.
269 3453 381 3519 praeter
408 3449 478 3503 alios
505 3449 677 3504 Ritschelius
703 3448 721 3503 l.
741 3465 763 3502 c
788 3466 814 3517 p.
832 3452 934 3517 308sq.
964 3449 997 3503 cf.
1022 3450 1094 3503 Aem
1141 3498 1143 3519 ἰ

88 3522 254 3577 Haebnerus
276 3520 418 3576 ‘'Hermae
439 3521 561 3590 I(1866)
579 3539 606 3591 p.
622 3525 705 3589 9⁷sq.
1141 3528 1143 3543 ¹
