2386 3922
291 716 311 776 i.
344 715 392 776 DE
415 714 573 776 LEGIBVS
596 715 839 778 GRACCHANIS.

132 859 315 937 Seditionum
352 860 484 919 omnium
521 877 624 920 causas
660 858 819 921 tribunicia
856 868 987 939 potestas
1023 859 1178 944 ex·111,13

85 947 177 1030 citavit,
214 966 289 1028 quae
326 950 425 1027 specie
463 948 583 1027 quidem
618 948 714 1027 plebis
747 948 888 1031 tuendae,
924 952 1009 1010 ouius
1042 953 1074 1010 in

54 1068 56 1087 ÷
85 1036 205 1097 auxilium
232 1044 400 1117 comparata
428 1043 486 1118 est,
509 1055 542 1097 re
566 1044 665 1098 autem
688 1037 920 1098 dominationem
943 1038 1001 1099 sibi
1024 1040 1073 1099 ad-

54 1127 187 1209 ¹liquimus
216 1126 347 1187 studium
371 1125 474 1206 populi
502 1145 536 1187 ao
563 1127 693 1186 favorem
721 1129 846 1205 agrariis
870 1127 1073 1188 frumentariis

54 1212 58 1279 i
86 1212 228 1275 iudiciariis
260 1214 375 1294 legibus
407 1213 616 1293 aucupabatur.
667 1217 763 1275 inerat
791 1215 929 1276 omnibus
958 1219 1073 1295 speeies

54 1304 58 1373 ζ·
87 1306 230 1381 deputatis.
270 1303 341 1382 quid
364 1309 425 1363 tam
447 1305 560 1364 iustum
584 1306 664 1364 enirn
687 1323 776 1383 quam
799 1306 933 1384 recipere
955 1304 1107 1384 plebem2

87 1406 125 1450 sua
156 1412 171 1452 a
207 1392 342 1472 patribus
349 1439 359 1473 ,
394 1411 432 1452 ne
468 1391 595 1471 populus
633 1395 766 1471 gentium
801 1395 896 1454 vietor
933 1393 1073 1472 orbisque

85 1495 219 1555 possessor
242 1483 369 1541 extorris
393 1483 452 1540 aris
474 1499 507 1541 ao
526 1478 741 1559 iocisageret‘?
777 1482 849 1560 quid
868 1488 928 1541 tam
947 1500 1074 1560 aequum
1092 1495 1108 1543 3

62 1574 154 1644 iiquam
181 1572 301 1648 inopem
327 1569 471 1649 populum
498 1571 596 1629 vivere
625 1589 660 1630 ex
688 1572 801 1630 aerario
830 1567 905 1630 suo‘?
938 1570 1009 1650 quid
1037 1571 1109 1631 add

86 1655 119 1716 ius
147 1658 291 1719 libertatis
323 1658 492 1737 aequandae
524 1660 618 1736 magis
651 1660 754 1719 efficax
786 1678 873 1737 quam
905 1666 938 1720 ut
970 1668 1074 1720 senatu

85 1755 186 1824 regente
213 1749 381 1826 provincias
410 1747 523 1806 ordinis
547 1750 695 1826 equestris
719 1751 878 1809 auotoritas
903 1748 1007 1809 saltem
1029 1751 1073 1808 iu-

86 1830 210 1896 dioiorum
243 1854 335 1915 regno
367 1832 536 1897 niteretur?
569 1835 621 1896 sed
652 1837 724 1896 haec
757 1839 821 1916 ipsa
851 1840 882 1897 in
909 1839 1109 1916 perniciemo

85 1922 214 2006 redibant,
247 1931 277 1984 et
308 1926 418 1985 misera
445 1943 494 1984 res
522 1944 550 2004 p.
573 1927 606 1985 in
633 1927 756 1985 exitium
785 1928 832 1985 sui
859 1944 974 1986 merces
1003 1933 1074 1986 erat.

59 2013 138 2072 ¹inam
160 2020 189 2074 et
212 2032 228 2074 a
252 2020 356 2074 senatu
379 2016 411 2073 in
434 2015 565 2092 equitem
588 2013 729 2073 translata
747 2012 926 2074 iudiciorum
943 2021 1075 2093 potestas
1094 2027 1110 2076 6

86 2101 221 2180 vectigalia
257 2101 288 2161 id
320 2108 366 2162 est
396 2103 516 2182 imperii
547 2104 758 2181 patrimonium
791 2100 1009 2183 subprimebat,
1046 2111 1076 2162 et

87 2193 176 2268 emptio
195 2190 338 2251 frumenti
356 2193 437 2270 ipsos
461 2192 552 2270 reip
571 2209 678 2251 nervos
698 2189 897 2270 exhauriebat,
917 2193 1073 2270 aerarium,
1093 2203 1108 2251 7

87 2283 106 2335 ot
127 2279 228 2341 reduci
254 2278 338 2359 plebs
364 2281 396 2339 in
419 2297 506 2358 agros
528 2279 608 2340 unde
630 2285 747 2358 poterat
770 2281 834 2338 sine
858 2277 1075 2358 possidentium

87 2371 229 2451 eversione,
253 2370 305 2447 qui
328 2369 387 2447 ipsi
408 2386 478 2447 pars
500 2368 604 2447 popuii
627 2375 712 2429 erant
734 2374 764 2427 et
786 2374 850 2428 tum
875 2367 993 2428 relictas
1018 2366 1075 2426 sibi

58 2450 98 2508 ¹⁰³
112 2458 267 2518 maioribus
291 2456 378 2517 sedes
401 2463 495 2517 aetate
519 2459 605 2536 quasi
628 2459 692 2516 iure
716 2453 930 2535 possidebant?

54 2564 58 2605 ι
139 2615 152 2662 1
171 2623 249 2664 abac
269 2623 379 2664 onius
396 2609 430 2663 N
438 2612 479 2690 113
498 2608 604 2679 speeies
619 2610 669 2679 Ni
686 2611 747 2664 erat
764 2626 850 2678 supro
868 2609 990 2663 tuendae
1005 2608 1039 2662 N
1041 2609 1051 2639 ²
1066 2609 1076 2680 li

87 2676 140 2732 iad
156 2679 283 2734 fauorem
299 2680 460 2804 (iplagam
475 2681 502 2734 L
515 2682 554 2750 116
574 2697 607 2734 ao
625 2683 708 2751 (inter
721 2682 893 2736 scribendum
912 2682 1076 2748 transfixam

88 2750 280 2821 despumatae)
293 2751 323 2804 iu
346 2750 450 2805 'niudis
464 2751 493 2804 Β
508 2756 512 2820 Ι
528 2752 561 2806 In
574 2751 704 2806 omnibus
719 2752 780 2806 erat
793 2753 825 2806 io
838 2750 933 2804 herai
946 2750 1075 2804 omnibus

87 2824 180 2878 moade
193 2822 221 2875 L
234 2824 244 2892 d
259 2826 274 2874 ⁷
287 2821 400 2892 plebem
413 2821 457 2875 ius
472 2839 553 2876 suum
567 2839 585 2876 a
600 2823 643 2892 ΟΙΙ
657 2829 672 2877 8
687 2839 722 2876 ne
736 2821 856 2892 populus
867 2853 900 2861 —
912 2823 1010 2892 ageret
1024 2823 1075 2876 del.

87 2883 227 2961 tummim,
244 2899 421 2962 o.p.108,7
440 2895 449 2962 ΙΙ
468 2898 483 2946 9
503 2893 607 2948 extorri
625 2893 713 2947 saeris
728 2894 754 2946 L
775 2896 779 2962 Ι
800 2892 886 2947 afoois
901 2893 929 2946 Β
950 2894 954 2960 Ι
975 2908 1076 2960 aequm

87 2955 104 3022 [θ
117 2977 195 3044 sopra
213 2967 262 3033 qu)
280 2964 315 3017 N
332 2966 343 3033 11
365 2968 399 3016 10
417 2962 487 3032 quid
505 2964 594 3018 satius
612 2966 640 3019 Β
659 2963 733 3030 Quid
751 2963 795 3017 ius
815 2966 874 3033 (om.
895 2963 942 3032 ad)
961 2963 988 3015 L
1010 2964 1019 3032 ΙΙ
1043 2968 1075 3015 12

70 3034 224 3094 'proumoias
239 3036 263 3103 (r
344 3051 478 3090 aversum
490 3053 524 3090 m.
534 3039 560 3105 1)
570 3036 604 3090 Ν
616 3038 620 3105 Ι
636 3043 779 3105 equestres
788 3035 816 3088 Β
829 3036 839 3103 ΙΙ
855 3041 886 3088 13
897 3034 1022 3088 uteretur
1031 3034 1059 3087 Β
1068 3034 1078 3104 tt

86 3099 110 3152 lt
122 3105 266 3161 rediebant
321 3104 488 3173 {inexilium
505 3107 533 3160 Β
550 3109 554 3175 Ι
571 3123 651 3160 suum
671 3106 711 3175 01
727 3122 832 3160 meroes
851 3106 927 3160 serat
950 3106 1075 3185 (posteri-

84 3177 667 3317 rotoaouotuoons
680 3178 850 3318 statut
864 3175 1077 3315 torento

82 3311 146 3380 (tto
162 3338 181 3389 p
199 3321 318 3375 mutavit
335 3336 369 3374 m.
385 3322 412 3388 1)
426 3318 460 3372 N
469 3320 478 3388 tl
494 3323 526 3372 19
546 3318 595 3388 qui
613 3321 642 3373 et
660 3319 735 3389 ipsi?
751 3320 756 3390 Ι
772 3319 801 3372 et
818 3320 878 3372 tam
892 3318 920 3371 Β
939 3319 968 3371 et
980 3320 1076 3370 tamen

54 3392 56 3447 ἔ
81 3383 106 3443 0:
129 3391 248 3459 correxi,
275 3391 303 3444 ot
329 3388 388 3443 iam
409 3391 528 3445 Iahnius
554 3393 649 3444 tamen
675 3398 739 3446 ante
765 3389 821 3459 ipsi
844 3391 939 3445 traicit
961 3388 1076 3444 Freins-

77 3455 168 3518 burim
184 3464 188 3532 Ι
203 3459 318 3515 relictas
337 3463 360 3530 (s
378 3478 465 3530 supro
481 3478 587 3517 uersum
605 3480 639 3516 ru.
654 3464 682 3531 1)
700 3462 735 3516 N
