2386 3922
135 163 198 228 128
495 165 607 216 FLORI
624 163 785 216 EPITOMA

134 333 198 391 eius
222 329 404 390 descendere
425 328 542 388 radices
561 335 591 389 et
609 331 691 390 exitu
710 330 806 389 inviso
825 327 902 388 nihil
919 328 979 389 tale
999 329 1125 408 opinantis

99 419 219 480 sducis
252 418 349 479 subito
382 419 495 496 impetu
528 425 624 479 castra
656 424 834 498 rapuerunt,
871 417 942 478 inde
975 417 1126 495 Vareniana,

135 508 275 588 deinceps
299 506 441 585 Thorani3
464 512 616 585 totamque
639 513 837 586 pervagantur
859 505 1063 587 Campaniam,
1087 522 1126 566 nec

133 597 270 656 villarum
297 603 384 674 atque
412 597 546 655 vicorum
572 597 736 656 vastatione
765 597 899 656 contenti
926 594 1031 656 Nolam
1056 602 1127 674 atque

133 685 305 766 Nuceriam,
332 684 460 744 Thurios
484 690 571 762 atque
594 683 796 762 Metapontum
819 683 950 744 terribili
974 692 1068 764 strage
1089 701 1126 763 po-

100 773 283 854 tpulantur.
339 771 537 834 adlluentibus
574 775 605 832 in
639 772 717 833 diem
750 775 844 852 copiis
877 792 945 834 cum
979 775 1037 834 iam
1067 777 1127 834 esset

135 866 232 924 iustus
256 865 419 942 exercitus,
447 860 647 922 criminibus
670 861 877 941 pecudumque
901 864 1076 941 tegumentis
1096 863 1126 920 in·

135 952 269 1012 conditos
293 951 352 1012 sihi
376 951 487 1029 clipeos
510 956 541 1010 et
563 950 642 1010 terro
662 950 879 1029 ergastulorum
897 958 1017 1011 reoooto
1036 950 1126 1031 gladios

99 1055 168 1102 tac
195 1041 255 1102 tela
282 1041 425 1100 fecerunt.
472 1058 505 1099 ae
534 1057 571 1098 ne
599 1039 679 1119 quod
705 1039 796 1101 decus
819 1042 898 1100 iusto
923 1039 1041 1101 deesset
1061 1055 1126 1099 exer·

133 1132 219 1210 citui,
254 1130 374 1190 domitis
413 1128 507 1188 obviis
540 1130 629 1188 etiam
661 1128 802 1206 gregibus
833 1135 956 1207 paratur
989 1131 1136 1208 equitatus:

134 1226 276 1299 captaque
314 1218 350 1278 de
387 1215 575 1296 praetoribus
612 1219 741 1296 insignia
777 1224 807 1277 et
843 1217 939 1278 fasces
972 1217 1009 1278 ad
1041 1217 1127 1278 ducem

99 1307 277 1369 8detulere.
327 1325 382 1366 nec
413 1305 515 1365 abnuit
543 1305 592 1366 ille
621 1305 657 1366 de
686 1306 880 1385 stipendiario
909 1304 1023 1366 Thrace
1050 1304 1129 1383 miles,

135 1397 171 1457 de
194 1396 288 1457 milite
312 1395 456 1475 desertor,
481 1394 549 1455 inde
573 1393 658 1475 latro,
681 1394 789 1455 deinde
813 1394 1013 1456 inhonorem
1036 1397 1130 1456 virium

99 1499 114 1548 9
134 1485 284 1563 gladiator.
322 1487 374 1563 qui
398 1483 605 1543 detunctorum
629 1501 747 1562 quoque
770 1483 883 1563 proelio
908 1483 1019 1544 ducum
1043 1485 1134 1544 limera

134 1575 333 1653 imperatoriis
364 1572 523 1633 celebravit
550 1575 685 1651 exequiis
714 1575 904 1651 captivosque
933 1575 1015 1634 circa
1042 1589 1136 1651 rogum

133 1664 222 1723 iussit
241 1665 331 1721 armis
351 1662 530 1741 depugnare,
554 1664 639 1740 quasi
657 1661 743 1741 plane
763 1664 935 1741 expiaturus
955 1680 1044 1723 omne
1061 1679 1135 1742 prae·

133 1753 254 1811 teritum
292 1749 434 1830 dedecus,
472 1751 498 1808 si
535 1750 570 1810 de
608 1750 768 1828 gladiatore
805 1752 995 1812 munerarius
1034 1752 1136 1811 luisset

81 1852 115 1901 1ο
133 1838 202 1898 inde
244 1841 302 1897 iam
343 1837 514 1897 consulares
551 1857 668 1918 quoque
706 1840 864 1919 adgressus
901 1841 932 1898 in
969 1839 1136 1920 Appennino

134 1925 252 1987 Lentuli
285 1928 449 1986 exercitum
481 1927 656 2007 percecidit,
689 1928 766 2007 apud
798 1928 941 1990 Mutinam
975 1927 1032 1989 Gai
1064 1928 1136 1989 Cassi

82 2030 114 2078 11
135 2023 230 2077 castra
253 2014 369 2075 delevit.
417 2014 525 2093 quibus
549 2015 643 2076 elatus
666 2018 799 2077 victoriis
823 2017 859 2077 de
883 2016 1051 2081 invadenda
1073 2016 1135 2078 mbe

203 2266 216 2312 1
246 2257 378 2330 inidiuiso
405 2260 434 2313 Β
461 2257 546 2310 inuno
576 2257 607 2312 0:
636 2274 705 2312 corr.
725 2258 842 2329 Pipbias
864 2257 996 2313 Herculis
1021 2259 1136 2315 Prodim

127 2349 157 2401 p.
177 2335 231 2385 469
254 2329 331 2384 invio
354 2347 394 2400 cp.
415 2330 529 2383 invento
551 2329 789 2400 Frcadeaberptus
811 2327 877 2383 inde
900 2328 962 2383 viso
980 2331 1136 2400 Biasfeldaa

130 2402 304 2456 1111111111.
324 2402 644 2470 XXII(1aor)p.310
669 2403 673 2469 1
699 2399 846 2469 opinantes
867 2401 896 2454 B
917 2404 927 2469 q
950 2406 966 2454 2
989 2401 1065 2456 Jnde
1088 2399 1136 2454 alia

133 2475 227 2526 castra
248 2471 417 2526 uoremana·
430 2473 523 2526 castra
542 2470 673 2540 deinceps
692 2472 720 2525 Β
738 2471 804 2526 inde
822 2470 880 2524 alia
898 2473 993 2526 castra
1014 2472 1136 2541 deinceps

135 2545 168 2598 0:
192 2561 260 2598 corr.
276 2543 417 2612 Sauppc'as
435 2543 501 2597 inde
521 2541 579 2596 alia
596 2542 644 2596 via
662 2541 823 2596 Vareniana
844 2543 1084 2614 Fraudeaberpias
1099 2545 1136 2612 l³

131 2613 231 2668 horani
249 2614 283 2667 N
297 2616 306 2679 ΙΙ
324 2620 342 2666 4
361 2614 453 2683 adque
472 2615 505 2668 N
521 2616 525 2683 1
546 2613 739 2668 uastationum
757 2614 784 2667 L
799 2616 803 2683 Ι
818 2612 906 2667 nolan
919 2613 946 2667 Β
966 2617 975 2684 ΙΙ
993 2619 1010 2668 6
1029 2614 1136 2668 thauros

131 2686 160 2738 Β
178 2684 265 2737 turios
287 2684 311 2738 0
332 2687 335 2742 l
360 2689 436 2738 meta
474 2686 581 2738 emtum
600 2685 626 2738 L
648 2687 658 2752 ΙΙ
681 2693 696 2739 6
716 2683 903 2738 Affluentibus
922 2685 949 2738 L
974 2689 978 2754 Ι
1004 2688 1097 2740 essent
1113 2687 1135 2752 (n

132 2758 217 2810 erasit
234 2757 310 2824 1111)
329 2756 357 2809 Β
378 2757 387 2825 ll
408 2761 423 2808 8
443 2704 556 2825 clypeos
575 2756 624 2823 Ni
641 2754 725 2809 effero
745 2756 771 2808 L
789 2773 823 2809 ex
841 2754 914 2809 ferro
934 2755 1068 2812 Halmius
1083 2758 1087 2825 Ι
1100 2770 1132 2808 re·

133 2827 260 2880 cossato
280 2827 319 2894 (to
338 2829 370 2880 to
388 2845 489 2882 rasura
506 2845 540 2880 m.
557 2829 583 2897 1)
602 2827 636 2880 N
655 2825 658 2897 l
683 2825 793 2896 gladios
813 2825 834 2895 (l
851 2844 938 2896 supra
956 2831 1073 2897 oeream)
1089 2827 1112 2880 L
1126 2823 1132 2891 Γ

133 2903 149 2949 9
169 2897 289 2951 dedecus
308 2897 335 2950 Β
357 2896 361 2968 Ι
382 2903 416 2950 10
434 2897 505 2952 ouiis
524 2897 551 2950 L
572 2901 575 2967 Ι
597 2896 683 2951 etiam
702 2914 751 2952 om.
768 2897 808 2966 Ol
824 2897 957 2969 gregiaus
977 2900 1007 2968 (B
1026 2901 1132 2954 coarat

131 2987 165 3024 eac
182 2969 202 3038 l)
222 2969 248 3021 L
265 2971 268 3034 l
284 2970 420 3037 parantur
433 2971 461 3023 B
474 2971 483 3036 ΙΙ
498 2974 530 3021 11
550 2967 682 3038 captique
697 2968 724 3021 L
739 2970 743 3037 Ι
759 2967 883 3038 insignia
901 2970 1012 3037 (altimo
1029 2968 1041 3023 i
1058 2982 1129 3039 septa

132 3058 237 3096 uersam
255 3041 331 3108 1111)
350 3040 383 3092 N
402 3041 412 3109 ΙΙ
435 3045 468 3093 12
488 3038 588 3093 abnuit
607 3039 635 3108 (b
655 3046 825 3094 correctness
842 3042 871 3108 n)
885 3040 913 3093 B
933 3042 938 3109 Ι
960 3040 1075 3095 trhace·
1088 3038 1110 3092 L
1122 3036 1128 3103 l

133 3117 165 3164 13
194 3110 260 3164 inde
287 3109 360 3164 latro
386 3111 409 3164 0
431 3109 540 3164 delatro
564 3111 591 3164 Β
616 3110 650 3164 de
674 3111 813 3164 desertore
835 3110 909 3164 latro
932 3112 1110 3167 Mommsenus
1122 3105 1127 3176 l

131 3184 249 3238 honore:
270 3199 339 3237 corr.
353 3182 440 3236 Rasa.
454 3185 464 3248 ΙΙ
483 3186 517 3233 14
539 3181 607 3250 quia
625 3182 653 3235 Β
671 3181 720 3251 qui
741 3180 847 3250 Cquin
867 3182 1072 3238 Freinshemius
1083 3185 1092 3249 l
1103 3183 1126 3231 1⁶

131 3253 330 3323 imperatorum
344 3254 372 3307 Β
388 3254 393 3320 Ι
410 3250 548 3320 exsequiis
562 3253 591 3306 Β
613 3255 623 3322 ΙΙ
646 3258 679 3307 16
698 3253 873 3322 depugnaret
891 3254 931 3321 (et
948 3255 981 3307 ire
999 3249 1127 3308 amaad

130 3342 165 3379 m.
184 3328 211 3394 1)
230 3325 258 3378 Β
280 3327 289 3394 ΙΙ
313 3330 346 3377 17
365 3327 526 3377 munerator
547 3322 571 3377 0
592 3325 596 3392 Ι
620 3326 681 3377 tum
703 3331 767 3378 arete
784 3323 885 3378 fuisset
902 3325 967 3380 odd.
982 3326 1011 3379 Β
1028 3324 1127 3378 bustum

130 3394 245 3449 fecisset
262 3397 380 3449 Ialmias
400 3397 409 3463 {l
431 3399 463 3447 18
482 3394 541 3447 iam
559 3411 609 3449 om.
625 3396 651 3448 L
667 3395 671 3468 Ι
689 3395 846 3449 consulares
868 3395 908 3464 Ol
925 3411 1073 3466 aggressus
1086 3393 1108 3446 L
1123 3386 1125 3455 l

131 3463 310 3537 mappenilno
329 3467 357 3519 B
379 3468 388 3534 ΙΙ
413 3471 445 3520 19
465 3464 587 3519 caecidit
604 3466 632 3519 Β
655 3472 658 3530 Ι
682 3468 752 3537 aput
769 3467 797 3520 Β
818 3465 982 3533 {mutinam
1005 3466 1038 3536 (ti
1054 3475 1128 3534 supet

132 3552 238 3591 versum
250 3555 284 3591 111.
300 3540 327 3606 1)
341 3537 374 3590 N
387 3540 391 3604 l
406 3536 487 3605 publi
501 3536 581 3590 Cassi
594 3538 631 3606 B,
649 3544 680 3592 ot
696 3556 720 3591 o.
736 3537 799 3593 Io'v.
809 3555 869 3607 per.
883 3542 928 3605 96,
945 3537 1020 3594 Oros.
1036 3531 1130 3600 Vm
