2386 3922
69 192 162 248 XXIV
383 197 585 249 PRAEFATIO
605 198 774 249 EDITORIS

69 362 88 425 Ι
111 365 166 439 48,
189 365 222 440 73
248 363 359 423 Iustini
382 363 451 422 XLI
475 366 508 440 6,
528 367 566 439 53
598 364 670 423 libri
693 365 730 423 de
752 364 826 425 viris
849 365 1087 441 inlustr.'l,18

70 451 242 512 confirmari
277 453 415 530 ridetur,
453 453 545 512 etiam
581 453 793 530 interpolatori
830 453 923 513 alicui
960 453 1088 530 simplex

69 541 196 602 verbnm
223 561 279 618 pro
307 542 486 619 composito,
516 561 576 618 quo
598 542 708 602 Florus
736 542 841 602 eadem
864 541 1088 620 significatione

71 631 165 690 etiam
187 630 219 689 Il
239 633 289 706 13,
309 632 349 690 68
378 631 489 709 utitur,
517 630 549 689 in
577 635 709 690 mentem
739 631 882 690 facillime
905 631 1010 693 venire
1033 651 1090 709 po*

71 719 167 779 tuisse
183 722 318 796 apparet.
344 723 448 779 contra
466 719 482 777 I
498 722 526 798 1,
542 723 570 798 2,
591 723 609 778 2
624 723 695 797 post
709 722 879 799 6666166116,
892 720 946 778 ubi
961 720 1089 780 verbum

73 807 225 885 quoddam
257 810 360 885 aperte
393 809 517 886 excidit,
550 811 659 868 6166611
689 828 707 867 6
738 809 826 871 Livio
857 810 873 868 Ι
901 810 953 886 20,
982 813 999 868 1
1036 804 1090 888 (of.

72 897 251 957 Lactantius
274 898 343 956 inst.
366 897 425 957 div.
449 897 463 955 l
484 900 535 976 22,
554 893 589 975 4)
612 901 716 974 petere
738 898 829 957 licere
851 897 1008 975 probabile
1033 902 1089 960 661.

73 989 107 1045 at
138 987 219 1062 quod
252 987 416 1062 opinantur
447 986 493 1045 his
526 987 599 1046 locis
631 987 728 1065 iisque
762 987 871 1065 quibus
903 988 1091 1048 recentiores

6 1095 56 1125 ores
75 1075 237 1151 scriptores
259 1074 383 1134 Florum
406 1075 646 1151 compilaverunt
668 1077 754 1136 litem
776 1076 862 1135 illam
881 1077 918 1135 de
941 1076 1091 1136 librorum

1 1157 4 1176 '
73 1163 100 1221 B
123 1167 178 1223 eut
202 1162 224 1222 O
247 1163 361 1222 maiore
389 1164 571 1224 auctoritate
600 1165 700 1223 dirimi
730 1183 817 1241 posse
845 1165 1017 1225 accuratius
1043 1166 1090 1226 ri·

73 1252 204 1311 dandum
236 1255 289 1311 est.
335 1251 492 1311 verissime
525 1253 646 1330 quidem
680 1252 711 1312 C.
731 1255 1008 1332 ZangemeisteruS,
1042 1255 1094 1315 vir

73 1341 269 1414 clarissimus,
291 1341 324 1399 in
343 1338 442 1400 Orosii
465 1341 597 1401 editione
621 1343 743 1421 egregia
765 1364 794 1419 p.
813 1343 925 1403 XXVI:
950 1337 1091 1403 ‘Orosius

73 1449 143 1489 oum
165 1423 224 1489 his'
248 1421 270 1511 (·
285 1430 296 1488 i
312 1460 319 1472 ·
333 1429 419 1489 libris
437 1449 505 1490 mss.
525 1424 844 1512 Heidelbergensibus)
864 1425 977 1508 ‘potius
997 1452 1092 1509 quam

73 1538 143 1578 oum
175 1518 392 1594 Bambergensi
428 1521 594 1597 consentit,
631 1520 761 1598 indeque
799 1521 865 1579 eius
897 1521 1092 1600 recensionis,

73 1607 163 1666 nimis
192 1607 298 1684 opinor
324 1608 383 1666 huc
411 1626 508 1685 usque
535 1610 701 1686 neclectae,
729 1611 867 1670 vetustas
899 1612 980 1669 certo
1009 1628 1090 1669 asse·

72 1689 173 1754 nitur?
218 1716 323 1755 verum
347 1697 497 1757 enimvero
520 1697 591 1756 hinc
613 1717 673 1756 non
696 1698 840 1774 afficitur,
867 1698 899 1756 id
927 1699 1009 1775 quod
1036 1699 1091 1758 alii

72 1787 197 1861 putant,
232 1803 299 1843 eam
326 1785 423 1845 altera
450 1786 622 1846 recensione
650 1776 704 1868 (0)
732 1787 930 1848 vetustiorem
959 1806 1025 1847 esse
1061 1791 1092 1848 et

73 1873 257 1950 ubicumque
280 1874 354 1933 haec
377 1872 414 1932 ab
437 1873 493 1933 illa
516 1874 673 1953 discrepet,
696 1875 946 1951 interpolationes
969 1876 1041 1935 libri
1064 1877 1089 1935 B

74 1962 252 2022 statuendas
276 1980 348 2023 esso.
394 1981 464 2021 nam
496 1963 521 2023 si
545 1962 670 2023 Orosius
693 1964 844 2023 interdum
867 1983 936 2024 cum
959 1963 982 2024 Ο
1006 1966 1092 2042 facit,

75 2050 129 2110 alii
165 2055 258 2111 testes
290 2071 351 2110 non
382 2051 482 2111 minus
514 2053 681 2129 locupletes
713 2052 784 2112 libri
817 2054 841 2111 Β
875 2054 1092 2114 auctoritatem

74 2139 270 2216 amplificant.
292 2141 379 2200 uelut
397 2140 412 2198 I
429 2143 456 2219 1,
473 2144 501 2220 l,
517 2143 535 2201 6
551 2142 641 2201 huius
657 2143 808 2218 scriptura
826 2144 962 2202 adbibere
974 2144 1093 2216 placuit

74 2229 143 2288 deos
164 2228 268 2290 libello
292 2231 328 2288 de
352 2230 426 2307 orig.
450 2234 531 2308 gent.
555 2231 639 2291 Rom.
660 2234 700 2291 23
726 2230 934 2310 confirmatur,
963 2230 985 2291 O
1010 2234 1090 2292 male

75 2317 196 2378 exhibet
219 2320 375 2379 adhibuere
391 2311 547 2401 61666161)
572 2324 603 2379 61
625 2320 696 2379 ibid.
717 2317 736 2395 ξ
758 2323 808 2399 13,
832 2321 886 2379 ubi
905 2319 1007 2381 Orosii
1028 2340 1093 2381 ma-

74 2407 170 2485 gister
191 2408 384 2486 Augustinus
412 2408 448 2466 de
472 2409 553 2468 civit.
577 2409 625 2468 dei
648 2409 755 2469 11113
785 2409 865 2468 idem
892 2409 985 2469 habet
1009 2411 1091 2486 quod

73 2496 101 2554 B
133 2498 214 2555 istro
244 2499 359 2555 owesio
390 2515 444 2571 pro
477 2498 518 2555 od
548 2499 675 2574 moenio,
708 2498 789 2574 quod
816 2501 863 2557 661
889 2499 921 2556 in
949 2498 973 2557 L
1003 2498 1091 2559 Voss.

74 2582 160 2642 Harl.
188 2584 282 2643 Paris.
307 2585 392 2643 5802
417 2576 540 2665 Β61111).
589 2585 696 2644 deinde
725 2585 739 2643 1
764 2589 822 2665 27,
847 2588 865 2646 5
899 2587 980 2646 Rufii
1007 2588 1091 2648 Festi

75 2671 226 2732 breviario
254 2663 334 2752 (cap.
355 2675 409 2749 11,
429 2665 478 2754 2),
506 2674 586 2750 quod
615 2679 645 2734 et
674 2674 776 2751 ipsum
804 2674 908 2736 Orosio
936 2677 1090 2737 vetustius

76 2763 136 2838 est,
169 2760 399 2838 Bambergensis
432 2763 583 2838 scriptura
613 2765 773 2837 1669616111
804 2758 945 2843 (macodo
972 2767 1090 2844 Festus,

76 2841 217 2931 Orosius)
246 2848 452 2929 confirmatur,
481 2869 550 2910 eum
572 2852 601 2910 N
632 2844 752 2934 (otiam)
781 2853 859 2912 etL
889 2846 1017 2936 (cotom)
1040 2856 1091 2917 vix

75 2938 175 2999 ullum
202 2939 266 2997 veri
293 2939 456 3016 vestigium
484 2941 669 3002 servaverint
698 2944 729 3000 61
751 2942 782 3000 H
806 2945 863 3021 32,
881 2945 924 3001 44
955 2943 1090 3003 eiusdem

149 3145 176 3212 1)
205 3158 239 3196 ex
266 3143 405 3213 scriptura
433 3145 537 3199 codicis
565 3145 588 3198 B
615 3144 750 3214 primaria
777 3146 898 3199 necdum
926 3147 963 3200 ab
992 3149 1092 3204 eadem

76 3230 163 3267 manu
181 3216 293 3268 mutata
307 3218 425 3284 pioocit,
446 3216 524 3269 ouius
545 3233 631 3270 causa
649 3219 692 3271 661
710 3216 823 3271 litterae
842 3217 852 3270 i
870 3217 960 3273 torma
978 3218 1093 3291 longior

79 3287 108 3339 61
130 3284 243 3339 litterae
266 3284 276 3337 l
300 3286 457 3355 simillima,
482 3288 621 3355 quomodo
646 3288 762 3342 alterius
787 3288 884 3342 classis
910 3289 1005 3359 gravis
1033 3309 1093 3346 cor·

76 3355 191 3424 ruptela
210 3374 273 3410 eum
291 3356 510 3426 interpolatione
530 3357 680 3413 coniuncta
694 3357 761 3413 oriri
774 3359 900 3428 potuerit
913 3361 1091 3442 perspicitur.

151 3429 272 3496 2)16116
294 3430 401 3484 moesto
425 3445 487 3482 cum
511 3446 545 3483 ex
563 3429 692 3484 omnibus
715 3429 798 3484 huius
822 3432 991 3486 recans1onis
1010 3432 1092 3489 libris

78 3496 155 3551 solue
179 3497 206 3550 N
228 3498 346 3568 habeat,
374 3499 469 3553 nescio
498 3517 535 3554 an
557 3500 627 3554 haec
650 3501 790 3571 scriptura
814 3519 847 3556 ex
872 3501 945 3558 libro
968 3506 1094 3571 quodam

77 3567 196 3623 alterius
215 3569 384 3624 recensionis
403 3570 433 3623 in
452 3587 515 3624 eum
533 3570 615 3626 illata
634 3572 678 3627 sit.
