2400 3930
147 148 225 202 XXX
455 148 657 201 PRAEFATIO
679 149 849 201 EDITORIS

149 315 367 385 sumturum,
386 317 411 374 b.
432 314 624 384 Gaetulicam,
643 316 667 375 b.
687 313 885 384 Aramaua,
907 316 931 374 b.
953 315 1162 378 Cantabriam
1194 334 1196 345 ¹

148 410 175 464 et
196 403 375 473 Asturicum,
400 422 465 478 pue
487 405 664 463 Parthorum
688 408 714 463 et
736 406 910 463 eoaseaatto
931 399 1085 487 Aapastt),
1109 407 1161 467 sed

149 495 241 554 ctiam
270 493 418 571 quaedam
440 492 568 552 licenter
589 493 775 553 immutavit:
812 493 880 554 Π6
905 495 959 554 ubi
981 496 1088 555 belham
1111 498 1161 556 ad·

150 601 252 642 versas
274 586 365 642 socios
388 582 470 659 quod
492 582 516 639 B
539 582 632 641 habet
655 601 722 641 cum
745 581 804 659 ipsi
827 582 890 641 sine
913 583 1005 643 verbo
1028 586 1161 660 positum

148 671 367 750 displicuisset,
395 689 559 747 pronomen
586 671 749 731 relativum
779 674 810 731 et
834 675 947 745 pectam
973 677 1015 732 est
1042 674 1160 750 adiecit

150 780 334 838 quamquam
356 761 448 838 paulo
470 759 597 818 inferius
618 760 731 819 similes
750 760 960 836 inscriptiones
978 761 1010 821 H
1030 765 1158 823 18-22

149 851 255 908 bellam
277 868 342 909 cara
364 849 448 908 Scato
465 848 610 922 Pompeio,
634 849 659 907 b.
678 849 847 908 Partbieara
869 852 923 909 sab
948 851 1081 911 Verrttdto
1100 869 1159 930 eqs.
1194 906 1196 911 .

149 957 272 998 securus
308 937 521 1013 transscripsit.
571 956 632 996 non
665 938 797 997 multum
828 937 929 998 differt
960 940 1042 1016 quod
1073 941 1089 1000 I
1118 943 1157 1001 25
1194 928 1196 949 '

144 1025 281 1087 Aetolum
312 1028 344 1085 in
371 1025 533 1085 Aetolicum
563 1026 696 1086 mutavit
728 1029 759 1085 et
785 1027 817 1086 Π
841 1029 882 1085 14
909 1047 964 1104 pro
991 1029 1086 1089 titulo
1113 1048 1159 1090 res

144 1117 198 1175 sab
232 1115 360 1176 Caesare
389 1113 522 1189 Aapasto
553 1115 586 1173 in
617 1115 646 1173 N
679 1114 790 1174 Caesar
821 1113 974 1190 Aapastas
1004 1117 1037 1177 in
1065 1118 1092 1177 L
1125 1121 1159 1180 de

145 1204 273 1265 Caesare
294 1203 428 1279 Aapasto
450 1203 550 1280 posita
573 1206 653 1262 sunt.

212 1295 304 1354 Patet
317 1313 386 1354 cum
399 1292 533 1368 capitum
547 1292 792 1368 inscriptionibus
806 1294 955 1353 artissimo
965 1295 1156 1356 coniunctam

21 1396 90 1437 suso
105 1397 210 1443 inesse
233 1383 450 1444 diuisionem
474 1382 653 1456 epitomae
676 1381 712 1439 in
735 1382 858 1443 libros.
900 1383 976 1441 inB
1000 1385 1082 1444 enim
1100 1385 1156 1446 nisi

70 1462 109 1490 ¹⁰⁸
143 1473 219 1532 duos
241 1492 301 1532 non
324 1471 477 1547 habemus,
501 1489 630 1547 quorum
651 1470 734 1545 prior
751 1471 833 1530 bella
851 1476 983 1550 externa,
1005 1476 1155 1548 posterior

141 1563 308 1620 maestas
330 1564 433 1629 motas,
457 1562 493 1618 ut
515 1560 624 1618 Florus
646 1559 710 1635 ipse
734 1560 881 1637 appellat,
909 1562 1044 1638 Augusti
1065 1563 1155 1623 robus

140 1650 235 1726 gestis
257 1649 435 1709 terminatos
459 1648 601 1708 continet.
648 1651 753 1707 contra
777 1647 799 1707 0
823 1652 969 1726 quattuor
991 1651 1087 1710 habet
1112 1653 1155 1712 ita

141 1737 306 1814 diremptos
334 1742 370 1796 ut
396 1737 513 1814 primus
535 1755 632 1813 usque
656 1736 695 1795 ad
717 1736 833 1797 bellum
850 1737 999 1796 Punicum
1021 1740 1154 1816 primum

140 1826 292 1902 pertineat
318 1819 581 1906 (111=118),
614 1827 762 1884 secundus
790 1826 828 1885 ad
856 1827 968 1886 bellum
998 1828 1154 1906 Iugurthi-

139 1934 213 1973 num
238 1907 519 1996 (1111=136),
548 1914 659 1974 tertius
686 1914 723 1973 ad
747 1915 859 1975 bellum
882 1914 1032 1976 Catilinae
1056 1912 1116 1998 (IV
1135 1921 1151 1976 1

141 2028 183 2050 =
198 2003 229 2062 II
249 1995 305 2085 12)
314 1997 346 2084 ¹).
375 2021 505 2080 quarum
524 2002 707 2063 divisionum
724 2006 795 2062 utra
813 2004 944 2082 genuina
962 2005 1003 2064 sit
1024 2006 1154 2083 scriptor

139 2092 204 2168 ipse
237 2093 356 2151 indicat
381 2092 522 2152 extremis
558 2090 628 2150 libri
660 2093 784 2152 secundi
816 2093 933 2153 verbis:
978 2093 1030 2153 bos
1055 2127 1074 2135 -
1097 2127 1115 2136 -
1137 2127 1153 2136 -

139 2183 233 2240 caus
264 2183 431 2241 domestiem
459 2185 554 2240 ructas
580 2185 764 2254 separatos
791 2184 828 2240 ab
857 2184 981 2241 ιιιιιιιιε
1011 2185 1151 2259 testisque

139 2271 220 2328 bellis
252 2288 286 2329 ea
317 2271 419 2330 ardeae
443 2287 669 2345 persequemur,
707 2273 743 2329 ut
773 2271 865 2329 mirer
895 2270 1037 2330 Iahnium
1070 2273 1150 2351 quod

139 2359 270 2418 Titzium
298 2363 420 2420 secutus
450 2360 563 2418 librum
585 2359 769 2436 singularem
792 2378 811 2417 a
833 2360 922 2418 Floro
947 2359 1063 2420 editum
1087 2380 1149 2422 esso

138 2449 202 2507 sine
225 2449 334 2508 idonea
357 2467 449 2508 causa
468 2447 623 2508 contendit
640 2445 681 2523 (p.
701 2440 866 2527 XXXVII).
896 2448 976 2507 unde
995 2454 1100 2510 autem
1119 2449 1148 2528 (ι,

137 2538 223 2595 cuius
243 2537 374 2597 novandi
393 2536 528 2595 studium
547 2539 577 2593 et
595 2535 760 2595 sublestam
777 2535 867 2595 fidem
885 2537 947 2594 iam
964 2537 996 2594 in
1012 2540 1147 2615 capitum

209 2742 235 2807 1)
253 2739 396 2793 mentione
419 2755 476 2792 non
500 2737 616 2807 dignum
633 2741 776 2808 putarem,
802 2739 858 2792 nisi
875 2739 991 2794 Iahnius
1010 2741 1046 2795 de
1066 2759 1101 2796 ea
1119 2759 1148 2797 re

137 2810 247 2864 locutus
272 2813 357 2878 esset,
385 2809 416 2863 in
444 2809 613 2877 quibusdam
641 2809 784 2864 codicibus
808 2811 1007 2864 recentissimis
1032 2812 1148 2868 initium

136 2881 214 2935 tertii
228 2880 303 2948 libri,
323 2880 371 2948 qui
386 2883 428 2934 est
416 2880 472 2933 tin
486 2880 652 2962 Nauarum,
672 2881 708 2934 ab
728 2881 820 2949 capite
840 2882 954 2935 secundi
969 2882 1071 2938 ultimo
1087 2884 1146 2940 fieri

136 2955 165 3006 et
179 2951 274 3019 quarti
288 2951 402 3033 initium
416 2969 433 3005 a
447 2951 563 3005 secundi
564 2951 698 3020 ,qualem
712 2952 926 3021 Bambergensis
941 2953 1037 3022 habet,
1054 2956 1147 3025 capite

135 3022 233 3092 primo
274 3039 360 3104 porro¹
380 3022 412 3076 in
434 3022 566 3076 Leidensi
588 3022 648 3076 Lat.
670 3028 703 3076 19
727 3026 856 3077 cartaceo
882 3024 930 3078 fol.
955 2998 1063 3079 saecdli
1087 3027 1146 3096 XV,

135 3111 218 3163 quem
237 3093 360 3148 Kiliae'
352 3093 490 3162 inspicere
513 3093 607 3160 licuit,
631 3093 754 3161 quinque
778 3094 848 3148 adeo
867 3094 934 3148 libri
952 3070 1147 3180 numerantur:

135 3182 253 3234 quorum
273 3166 410 3219 secundus
428 3164 530 3248 incipit
549 3164 585 3218 ab
602 3164 616 3216 Ι
635 3170 664 3233 3
683 3164 783 3217 tertius
803 3166 839 3219 ab
859 3166 1076 3234 118,quartus
1097 3169 1146 3238 qui

133 3237 298 3291 inscribitur
316 3238 421 3291 Det
378 3238 456 3291 uitiis
474 3253 649 3290 romanoram
667 3242 692 3290 et
709 3237 742 3289 de
759 3238 902 3290 tertiaeto
903 3237 982 3290 teab
1002 3237 1014 3289 I
1034 3245 1082 3309 34,
1104 3246 1145 3309 18,

135 3307 249 3376 quintus
277 3309 313 3362 ab
337 3309 406 3361 Π1.
444 3306 550 3359 ultimis
580 3308 674 3359 autem
702 3305 841 3375 epitomae
866 3306 958 3361 verbis
982 3307 1054 3363 haec
1079 3312 1145 3366 sub-

134 3379 239 3448 scripta
258 3382 335 3434 sunt
368 3379 453 3433 Ιηιιιι
474 3379 558 3431 αιιιιιι·
578 3379 641 3444 [tori
662 3378 778 3445 epitoma
796 3380 827 3432 ιιι
849 3379 940 3431 Tittoua
959 3381 1060 3435 ltaa'wm
1079 3384 1146 3438 leber

133 3453 245 3520 putatas
271 3459 296 3506 et
323 3453 440 3504 ultimas
484 3449 594 3501 Ductus
621 3449 655 3501 ab
682 3450 831 3517 exemplari
858 3451 963 3503 domiai
986 3450 1146 3521 Gamiforta‘
1194 3454 1196 3473 '

80 3523 259 3592 Beryryj
279 3521 369 3576 ΒΕΘ
389 3517 566 3575 GRATIAS
580 3517 712 3573 AMEN.
