2386 3922
460 144 485 216 12
504 151 538 200 4⁶
558 146 618 217 (111,
640 149 691 217 10).
1018 147 1081 212 109

70 313 162 372 risset
185 329 202 371 a
224 317 323 392 portu,
345 314 446 373 minus
469 332 557 393 quam
580 312 679 374 medio
703 312 751 372 die
775 311 904 373 insulam
929 315 1082 392 ingressus

71 407 123 463 est
169 399 259 480 plena
282 407 367 461 erant
388 401 518 464 tumultu
541 402 656 463 hostico
680 402 776 481 litora,
799 409 829 462 et
848 402 1027 481 trepidantia
1046 404 1081 464 ad
1103 415 1135 464 17

72 496 264 569 conspectum
290 492 336 550 rei
362 508 455 552 novae
484 498 624 571 carpenta
651 490 819 551 volitabant.
865 493 965 570 itaque
990 495 1082 571 trepi-

73 578 149 639 datio
168 597 226 658 pro
244 580 367 640 victoria
386 580 449 641 luit.
487 599 568 641 arma
587 588 617 641 et
640 578 759 640 obsides
781 581 895 658 accepit
917 599 934 639 a
956 581 1081 660 trepidis

74 674 103 729 et
126 666 256 728 ulterius
282 669 369 749 isset,
396 671 456 730 nisi
483 668 637 750 inprobam
665 668 791 729 classem
818 668 971 746 naufragio
995 671 1082 729 casti·

75 763 170 835 pascet
193 754 337 816 Oceanus.
373 775 513 819 reversus
537 761 628 837 igitur
651 759 682 818 iu
706 756 830 817 Galliam
853 757 947 818 classe
971 760 1082 818 maiore
1104 769 1136 818 18

77 847 227 925 auctisque
255 847 349 925 copiis
377 848 409 907 in
437 848 565 908 eundem
593 865 697 907 rursus
724 845 874 906 Oceanum
904 845 1083 924 eosdemque

78 950 176 995 rursus
195 932 362 995 Britannos.
399 935 562 996 Caledonas
586 943 705 996 secutus
728 937 760 995 in
783 935 871 994 silvas
894 953 987 995 unum
1011 953 1083 1013 quo·

79 1040 130 1101 une
152 1041 170 1083 e
193 1021 315 1101 regibus
334 1022 540 1085 Casuellanum
563 1027 595 1086 in
614 1024 709 1084 vincla
728 1023 817 1084 dedit.
855 1031 1012 1084 contentus
1035 1023 1082 1083 bis
1104 1036 1135 1085 19

68 1128 117 1163 ι·-
138 1130 200 1173 ιιοιι
225 1113 305 1172 enim
327 1115 510 1193 provinciae,
539 1114 590 1174 sed
614 1115 728 1173 nomini
751 1111 925 1173 studebatur
949 1146 990 1154 —
1015 1131 1083 1172 cum

79 1202 184 1261 maiore
205 1219 294 1280 quam
307 1203 392 1282 prius
405 1202 514 1282 praeda
528 1209 664 1262 revectus
679 1208 733 1282 est,
752 1203 817 1280 ipso
833 1220 951 1281 quoque
966 1199 1084 1261 Oceano

79 1288 234 1368 tranquillo
259 1292 354 1368 magis
376 1299 407 1352 et
429 1293 572 1371 propitio,
601 1293 686 1369 quasi
709 1293 852 1369 imparem
876 1309 909 1351 se
932 1290 1083 1350 fateretur.

140 1377 200 1439 Sed
227 1380 355 1439 maxima
382 1382 515 1440 omnium
543 1379 706 1458 eademque
734 1381 895 1440 novissima
919 1381 1083 1439 coniuratio
1103 1390 1137 1439 ιο

79 1464 130 1528 luit
142 1465 314 1547 Galliarum,
333 1487 400 1529 oum
420 1471 516 1530 omnis
533 1470 645 1547 pariter
659 1467 805 1528 Arvernos
825 1475 913 1546 atque
928 1468 1085 1548 Biturigas,

68 1552 241 1618 *Carnuntas
264 1556 353 1616 simul
372 1558 583 1636 Sequanosque
607 1559 754 1617 contraxit
772 1575 896 1636 corpore
916 1558 1005 1616 armis
1025 1558 1137 1635 spi-21

68 1638 194 1724 =rituque
223 1643 382 1726 terribilis,
408 1649 528 1707 nomine
556 1647 645 1706 etiam
674 1647 759 1724 quasi
786 1654 815 1706 at
842 1652 988 1706 terrorem
1017 1664 1085 1705 cou-

80 1736 180 1814 posito,
208 1732 440 1812 Vercingetorix.
485 1735 535 1794 ille
568 1735 652 1795 lestis
682 1734 788 1795 diebus
816 1743 845 1795 et
872 1733 1085 1813 conciliabulis

82 1838 144 1883 cum
170 1823 429 1900 frequentissimos
453 1825 484 1883 in
507 1823 582 1884 lucis
605 1823 741 1904 baberet,
765 1823 914 1884 lerocibus
938 1823 1026 1884 dictis
1049 1823 1085 1883 ad

84 1908 123 1971 lis
150 1912 314 1991 pristinum
341 1909 488 1972 libertatis
515 1914 618 1972 erexit.
668 1912 769 1973 aberat
796 1920 867 1973 tunc
896 1912 1003 1973 Caesar
1030 1912 1085 1972 Ra·
1104 1925 1139 1974 22

86 2012 186 2061 nonnae
220 1998 363 2061 dilectum
394 2019 498 2082 agens,
531 2008 560 2061 et
592 2001 690 2062 bieme
723 2009 877 2062 creverant
909 2001 1010 2080 Alpes:
1043 2003 1086 2060 sic

90 2086 272 2150 bterelusum
298 2087 442 2169 putabant
468 2091 534 2150 iter.
580 2090 631 2149 sed
660 2089 709 2149 ille
738 2090 834 2169 qualis
862 2098 925 2150 erat
952 2089 989 2149 ad
1011 2108 1085 2149 nun-

147 2318 163 2365 t
179 2310 324 2385 hostililco
338 2312 371 2383 (li
384 2315 416 2369 ic
429 2315 553 2396 marpine
566 2314 702 2382 additum)
716 2312 745 2365 Β
758 2311 869 2365 hostica
883 2312 1066 2393 Mopcuuenua
1080 2311 1084 2382 1

98 2380 306 2453 toonnpectum
324 2384 353 2438 Β
374 2387 384 2453 l
406 2389 422 2438 ὁ
441 2384 590 2453 mprobam
608 2383 636 2453 (b
655 2390 776 2439 correcta
793 2400 827 2437 ex
845 2384 873 2450 u)
892 2383 919 2436 Β
939 2381 1088 2451 inprobam

127 2461 247 2510 correcta
263 2472 299 2510 m.
314 2460 330 2509 1
349 2472 384 2510 ec
400 2457 440 2525 m)
459 2455 493 2509 N
506 2454 666 2524 improbam
684 2457 711 2510 L
724 2458 734 2525 ss
748 2459 764 2507 6
782 2452 901 2508 reuersis
912 2453 947 2534 ⁸B
960 2459 969 2521 ΙΙ
983 2458 999 2507 8
1017 2452 1088 2507 brit

148 2540 180 2580 os
202 2526 231 2595 (o
249 2531 371 2580 corneum
387 2543 421 2580 ιιι.
440 2531 456 2580 1
475 2543 509 2581 en
525 2527 556 2596 u)
574 2526 603 2580 Β
619 2525 779 2580 brittannos
800 2524 824 2579 0
840 2526 844 2594 Ι
864 2523 1020 2578 euhdoniaa
1042 2525 1066 2580 0

98 2597 212 2663 armus
231 2596 260 2651 Β
276 2597 281 2665 Ι
296 2595 403 2678 insulas
421 2598 448 2651 L
461 2600 501 2667 ss9
520 2598 557 2681 et·
571 2596 686 2681 regibus
705 2599 732 2652 Β
756 2612 790 2649 ex
811 2595 925 2666 regibus
943 2598 1063 2652 Iulmiua

97 2664 1088 2810 tltlttttttttdtttttdtttttttttbrtitbtt

97 2804 114 2873 (ι
125 2811 211 2880 uana)
229 2809 258 2864 Β
278 2812 283 2880 Ι
303 2808 469 2863 studebatur
487 2811 530 2879 (tu
548 2812 709 2879 incasura)
727 2810 755 2863 Β
772 2812 782 2880 ΙΙ
803 2815 833 2863 11
854 2825 979 2879 oceanoq
997 2812 1026 2879 (q
1043 2829 1089 2866 ex·

91 2882 194 2959 pactu)
204 2880 233 2935 L
245 2881 256 2950 Ι
270 2885 303 2934 12
317 2880 480 2950 mammis
494 2882 604 2950 (ultima
617 2882 771 2936 litterarum
784 2897 925 2935 musarum
938 2882 995 2949 fuit
1009 2884 1032 2950 s)
1042 2883 1075 2935 N
1085 2883 1087 2952 ξ

94 2950 315 3023 ψῐιιιιιΒΙειὶ
333 2958 397 3006 ante
414 2968 444 3006 se
463 2951 641 3019 arlucum
659 2968 724 3005 cum
740 2951 832 3033 omnis
851 2950 872 3020 (i
890 2954 922 3006 ιἰι
941 2968 956 3005 e
974 2958 1088 3007 metm.

90 3024 396 3175 tutunus:
415 3025 442 3163 t
461 3026 634 3164 'acac
645 3023 958 3163 adiuncti
977 3026 1090 3174 tica

89 3164 145 3222 du.
160 3166 190 3219 B
248 3180 264 3219 e
284 3165 309 3220 0
326 3164 374 3219 hic
391 3164 510 3246 Iahnius
523 3167 532 3233 ΙΙ
547 3169 580 3219 16
601 3164 742 3220 terribiles
761 3165 789 3218 Β
805 3168 810 3236 Ι
825 3181 927 3219 nomen
944 3164 972 3217 Β
989 3163 993 3235 l
1009 3181 1090 3245 quasi

87 3232 183 3293 huone
207 3236 251 3306 (et
272 3236 335 3307 om.)
356 3235 380 3291 O
398 3252 481 3305 quau
503 3235 533 3289 in
555 3236 790 3307 terrorem21117
813 3235 948 3307 uerginge
971 3236 1045 3288 tonx
1063 3236 1091 3289 Β

84 3306 178 3379 augin
196 3307 228 3375 (n
246 3324 281 3362 ιι.
299 3313 315 3362 1
335 3307 367 3361 in
384 3309 497 3375 rueuru)
517 3306 618 3362 ceteris
637 3309 733 3378 (supra
751 3326 856 3364 uersum
874 3326 908 3362 m.
928 3313 947 3362 2
966 3323 1016 3375 pro
1032 3337 1037 3347 ·
1052 3321 1089 3359 u·

83 3402 113 3425 ι
122 3379 279 3463 propatuto
300 3380 407 3447 ιιοιιιιιι)
426 3379 458 3433 Ν
474 3377 680 3449 uergingetoris
699 3380 726 3432 L
746 3385 750 3446 Ι
771 3378 966 3433 coneilialibus
985 3378 1038 3446 ΒΗ
1057 3384 1090 3431 18

68 3446 147 3507 luem
172 3452 198 3520 (1
216 3454 339 3504 correcta
356 3466 390 3504 ex
408 3465 423 3503 e
441 3467 475 3504 m.
495 3452 521 3519 1)
540 3451 572 3503 N
590 3451 595 3518 l
615 3449 769 3504 ferrooibus
788 3453 880 3518 (prior
897 3468 911 3503 r
929 3452 1018 3518 eraso)
1036 3450 1064 3503 Β

75 3526 109 3581 ld
122 3520 273 3578 delectum
285 3519 313 3574 L
328 3521 333 3589 Ι
349 3522 548 3575 concreverant
562 3520 702 3589 Halmius,
715 3522 761 3576 sed
774 3523 832 3590 ipse
846 3522 950 3588 confert
963 3537 989 3590 p.
1001 3527 1046 3589 91,
1055 3527 1091 3575 16
1165 3545 1166 3548 ¹
