2386 3922
136 162 200 226 114
497 163 608 214 raom
624 162 785 215 urrroun

134 336 224 409 ponte
247 328 383 389 Rhenum
411 330 562 407 quaesisse
590 312 714 407 bellum,
742 329 773 387 in
800 325 882 388 iliius
908 327 1046 387 honorem
1064 337 1114 385 cou-

135 420 270 496 cupierat
293 417 391 478 iacere
411 419 606 497 provinciam3
630 416 788 477 attactum
807 422 879 496 erat,
903 418 930 477 si
948 415 1059 476 barbari
1073 419 1117 473 uu

135 509 207 567 vitia
230 515 331 566 nostra
355 524 442 585 quam
467 508 591 584 imperia
614 505 692 566 ferre
716 506 892 585 potuissent

82 609 115 657 23
202 595 312 656 Missus
336 597 366 655 in
390 612 455 656 eam
478 596 660 673 provinciam
679 593 793 655 Drusus
815 596 930 673 primos
953 593 1063 655 domuit
1074 590 1121 650 Vsi-

136 691 233 765 petes,
257 684 326 745 inde
349 683 512 745 Tencteros
535 685 723 762 percucurrit
746 690 777 743 et
795 681 929 744 Catthos.
979 701 1046 743 nam
1064 679 1147 741 hiat-⁶

136 791 347 834 comannorum
367 771 469 851 spoliis
485 779 514 831 et
528 770 695 850 insignibus
710 772 858 851 quendam
872 772 987 832 editum
1000 768 1125 832 tunduu

81 875 116 924 24
135 864 167 922 in
199 863 312 941 tropaei
344 861 464 933 modum
497 860 634 921 excoluit.
684 860 753 920 inde
783 859 980 921 validissimas
1012 862 1126 921 nationes

135 950 302 1011 Cheruscos
326 949 499 1029 Suebosque
523 955 553 1010 et
574 948 751 1029 Sygambros
774 951 887 1029 pariter
910 949 1066 1028 adgressus
1085 952 1126 1025 est

136 1042 187 1118 qui
210 1041 314 1117 viginti
338 1038 562 1099 centurionibus
586 1040 616 1098 in
641 1056 759 1099 crucem
783 1040 857 1099 actis
875 1038 932 1099 hoc
950 1038 1032 1099 reiut
1049 1052 1127 1098 saera·

135 1135 236 1188 mento
269 1135 457 1206 sumpserant
489 1126 613 1206 bellum,
645 1127 718 1188 adeo
750 1133 831 1187 certa
863 1129 1004 1188 victoriae
1034 1145 1080 1206 spe
1103 1128 1151 1184 ott

80 1225 116 1275 tt
135 1217 275 1296 praedam
315 1219 347 1276 in
389 1219 569 1276 anticessum
605 1209 744 1295 pactione
779 1215 944 1276 diviserint.
1003 1212 1127 1277 Cherusci

135 1324 241 1386 equos,
266 1304 356 1366 Suebi
380 1323 485 1366 aurum
509 1312 539 1365 et
562 1311 730 1385 argeutum,
753 1303 907 1384 Sygambri
932 1306 1062 1384 captivos
1082 1300 1127 1362 eie

134 1401 251 1475 gerant3
271 1394 322 1454 sed
342 1396 440 1454 omnia
459 1401 632 1454 retrorsum.
665 1395 760 1454 victor
778 1411 905 1472 namque
920 1392 1035 1454 Drusus
1053 1406 1127 1470 equos

135 1502 243 1563 pecora
264 1492 386 1562 torques
406 1501 509 1543 eorum
528 1484 669 1562 ipsosque
688 1482 828 1561 praedam
846 1481 948 1542 divisit
963 1489 993 1544 et
1005 1478 1127 1542 vendidit

80 1582 115 1631 ao
135 1581 288 1651 praeterea
317 1574 348 1632 in
376 1571 497 1632 tutelam
520 1573 689 1650 provinciae
713 1571 862 1650 praesidia
885 1577 973 1650 atque
998 1567 1152 1632 custodiar

135 1661 245 1740 ubique
270 1661 417 1739 disposuit
440 1679 494 1739 per
512 1660 624 1720 Mosam
643 1660 763 1741 humen,
785 1678 840 1739 per
858 1659 954 1740 hibin,
977 1676 1032 1739 per
1045 1658 1127 1718 Visur

135 1752 194 1827 gin.
236 1751 267 1808 in
290 1748 386 1808 Rheni
410 1749 530 1827 quidem
553 1751 617 1827 ripa
640 1751 854 1828 quinquaginta
878 1749 1005 1828 ampHus
1027 1742 1128 1809 castello

135 1838 252 1897 direxit.
289 1836 426 1897 Rormam
450 1844 480 1897 et
499 1836 690 1898 Gesoriacum
711 1836 853 1916 pontibus
871 1839 969 1898 iunxit
987 1835 1126 1899 classibus·

80 1936 114 1985 27
135 1944 191 2004 que
225 1926 359 1985 firmavit.
410 1928 539 1986 invisum
571 1933 658 2006 atque
692 1929 882 1987 inaccessum·
910 1928 942 1986 in
971 1927 1001 1986 id
1028 1933 1126 2002 tempus

133 2013 314 2093 Hercynium
338 2013 453 2098 saltum·
469 2015 616 2094 patefecit.
653 2034 687 2075 ea
712 2015 840 2094 denique
864 2017 895 2075 in
915 2013 1069 2075 Germania
1084 2010 1161 2090 part'

205 2190 219 2238 1
238 2187 353 2254 pontem
372 2188 410 2256 (m
428 2189 565 2255 expunxit
582 2204 616 2240 ro.
630 2188 659 2255 2)
674 2185 724 2258 Ν)
740 2186 826 2240 rheno
846 2185 866 2239 Ο
882 2188 887 2255 Ι
903 2184 1045 2256 concupiit
1061 2183 1124 2250 0Ιῖ

133 2255 312 2311 barbaricam
330 2257 403 2311 uitia
417 2259 444 2312 Β
458 2264 467 2327 Ι
481 2265 496 2312 3
516 2273 602 2326 quam
619 2256 740 2326 imperia
756 2274 807 2311 om.
821 2257 848 2310 Β
862 2259 871 2326 ΙΙ
885 2262 902 2310 4
915 2256 1021 2328 primos
1034 2259 1060 2325 (o
1072 2267 1124 2309 con.

132 2346 167 2382 eae
184 2331 214 2397 u)
228 2329 255 2382 Β
272 2331 275 2397 Ι
292 2329 406 2383 domum
424 2329 540 2398 isipetes
558 2331 590 2382 iu
608 2327 718 2381 domuit
736 2327 851 2398 isipotes
869 2345 938 2384 corr.
954 2329 995 2382 Bl
1011 2331 1015 2395 Ι
1031 2336 1046 2382 5
1063 2321 1124 2380 indat

134 2402 158 2468 (t
175 2402 265 2469 eroso)
281 2400 309 2453 Β
329 2403 333 2469 Ι
354 2417 483 2454 cenceros
502 2401 531 2453 Β
549 2402 655 2453 ceteros
677 2400 700 2454 0
717 2402 722 2480 Ι
741 2398 880 2468 percurrit
894 2400 953 2453 BL
970 2402 974 2469 Ι
989 2401 1077 2453 iactos
1090 2392 1108 2448 O
1118 2398 1122 2461 Ι

132 2470 412 2524 marchomannorum
426 2472 478 2540 ΝΙΙ
492 2477 508 2524 6
523 2473 552 2524 et
565 2488 615 2525 om.
629 2470 670 2537 ΘΙ
685 2475 700 2523 ‘i
714 2469 856 2539 mtrophei
869 2470 896 2523 L
910 2472 919 2540 ΙΙ
934 2476 949 2524 8
964 2466 1123 2525 choruschos

133 2541 160 2594 Β
177 2544 180 2610 Ι
198 2542 353 2610 suebosque
369 2545 501 2611 (piorem
515 2560 527 2595 s
542 2543 607 2596 add.
621 2559 655 2596 ru.
667 2544 693 2610 1)
704 2543 731 2596 Β
748 2543 752 2608 Ι
768 2540 940 2595 sicsamhros
950 2543 979 2595 Β
993 2539 1123 2596 sicambro

133 2611 160 2664 L
180 2614 184 2677 Ι
205 2628 353 2680 aggressus
372 2615 398 2666 L
421 2618 430 2682 Ι
454 2621 469 2666 9
495 2611 704 2667 centurionibus
727 2611 889 2666 incrematis
911 2613 934 2667 0
953 2618 957 2682 Ι
980 2607 1104 2667 hactisB

134 2681 218 2734 uelud
237 2683 264 2734 L
286 2693 295 2749 Ι
319 2688 352 2736 10
376 2686 468 2738 certae
487 2685 515 2738 Β
540 2688 544 2752 Ι
569 2683 719 2737 uictoriam
737 2687 768 2737 tu
786 2681 923 2738 uictoriae
941 2686 1058 2738 correuit
1073 2677 1121 2756 13¹„

135 2758 166 2805 11
191 2753 327 2821 praedam
351 2757 416 2809 ante
438 2755 569 2824 pactione
593 2756 646 2824 (uir
685 2756 740 2808 iam
762 2756 825 2809 add.
846 2772 879 2809 m.
901 2759 931 2822 1,
952 2771 1003 2810 om.
1022 2754 1051 2807 in
1067 2748 1122 2805 anit·

133 2840 250 2892 cessum,
265 2831 295 2878 ot
308 2844 331 2879 o.
344 2844 372 2894 p.
388 2831 451 2893 132,
466 2829 511 2895 12)
525 2828 553 2881 Β
566 2842 633 2896 prae
655 2842 701 2878 am
715 2823 918 2879 inanticessum
930 2827 991 2895 (om.
1002 2817 1122 2899 pactione)

133 2896 160 2947 L
181 2897 184 2963 Ι
207 2894 363 2949 diuiserunt
381 2897 408 2950 Β
427 2897 587 2951 diuiderent
604 2897 631 2950 L
651 2899 660 2966 ΙΙ
681 2902 714 2950 12
735 2895 866 2950 sicambri
885 2898 913 2951 Β
932 2895 1069 2965 sycambri
1084 2885 1122 2945 Li

134 2972 167 3018 14
185 2969 318 3035 torquens
332 2968 359 3021 L
375 2971 379 3035 Ι
395 2969 490 3036 praeda
506 2968 528 3023 0
542 2971 545 3037 Ι
562 2971 664 3037 etpost
677 2967 807 3022 uendidit
820 2969 884 3022 odd.
900 2968 928 3021 Β
942 2970 951 3037 ΙΙ
966 2973 999 3022 15
1013 2963 1122 3021 tauhun

133 3038 160 3090 Β
176 3039 180 3106 Ι
196 3037 401 3107 prouintiarum
419 3039 446 3092 L
464 3044 473 3107 Ι)
493 3044 525 3092 16
545 3039 691 3107 ubiquesst
712 3040 740 3093 Β
760 3038 765 3111 Ι
784 3054 946 3108 permusam
963 3041 987 3109 (r
1002 3057 1058 3109 sup.
1071 3044 1121 3107 ortt,-

133 3126 166 3162 m.
182 3111 212 3177 2)
227 3110 261 3163 N
273 3113 277 3179 Ι
294 3109 401 3163 albium
415 3110 449 3163 N
464 3109 570 3178 alpium
584 3110 611 3163 L
627 3112 631 3177 Ι
646 3108 872 3180 peruisurginam
888 3110 931 3178 ΟΙ
946 3116 979 3165 17
993 3110 1045 3164 Per
1059 3106 1121 3160 rhem

133 3180 160 3232 L
176 3183 179 3249 Ι
195 3179 286 3249 ripam
301 3183 327 3234 L
343 3184 347 3249 Ι
364 3180 519 3250 quingenta
533 3182 567 3234 N
576 3183 585 3250 ΙΙ
601 3186 633 3234 18
652 3182 757 3235 bonam
772 3181 812 3248 01
828 3181 956 3235 caesoria
974 3198 1036 3235 cum
1048 3180 1121 3298 Bp

134 3250 242 3319 sogiam
262 3268 324 3305 cum
343 3252 377 3305 N
391 3252 572 3321 genosoniam
591 3255 637 3320 (no
655 3254 829 3321 conpunctum)
848 3268 912 3304 cum
925 3252 952 3305 L
968 3257 972 3319 Ι
988 3249 1073 3306 uinxit
1091 3314 1096 3325 ·
1115 3238 1119 3307 i

134 3321 326 3391 classibusque
345 3326 450 3391 (primo
469 3341 482 3376 a
499 3339 560 3392 sup.
574 3341 640 3378 cers.
655 3341 688 3377 m.
704 3326 731 3392 1)
746 3323 773 3376 Β
792 3322 977 3391 cladibusque
993 3324 1016 3375 L
1029 3326 1038 3392 Ι
1051 3324 1119 3374 19111·

134 3407 261 3446 acessum
280 3395 307 3447 Β
330 3393 504 3447 inaccessum
527 3393 567 3462 (in
588 3396 621 3447 iu
642 3412 728 3464 marg.
747 3412 781 3449 m.
801 3397 831 3462 2)
851 3394 885 3447 N
905 3397 910 3461 Ι
934 3394 964 3448 in
984 3393 1014 3448 id
1031 3395 1120 3457 tempu

134 3479 183 3516 om.
203 3464 230 3516 L
248 3467 256 3532 ΙΙ
276 3470 309 3517 20
328 3465 490 3533 hercynium
510 3467 534 3533 (c
552 3482 587 3518 ru.
601 3471 617 3518 1
637 3471 809 3520 correctness
827 3467 856 3535 g)
875 3466 903 3519 Β
920 3454 1118 3519 bertiniani!

133 3534 269 3600 patefecit
288 3538 313 3603 (e
331 3554 364 3590 ru.
381 3543 397 3590 1
417 3543 535 3592 correcto
553 3554 587 3590 eu
605 3539 633 3606 g)
652 3536 679 3589 L
695 3539 699 3605 Ι
714 3552 770 3606 pax
788 3535 967 3607 ingermania
984 3537 1011 3589 L
