<?xml version="1.0" encoding="UTF-8"?>
<!DOCTYPE html PUBLIC "-//W3C//DTD XHTML 1.0 Transitional//EN"
    "http://www.w3.org/TR/xhtml1/DTD/xhtml1-transitional.dtd">
<html xmlns="http://www.w3.org/1999/xhtml" xml:lang="en" lang="en">
 <head>
  <title>
</title>
<meta http-equiv="Content-Type" content="text/html;charset=utf-8" />
  <meta name='ocr-system' content='tesseract 3.04.00' />
  <meta name='ocr-capabilities' content='ocr_page ocr_carea ocr_par ocr_line ocrx_word'/>
</head>
<body>
  <div class='ocr_page' id='page_1' title='image "./lannaeifloriepi01florgoog_0207.png"; bbox 0 0 2386 3922; ppageno 0'>
   <div class='ocr_carea' id='block_1_1' title="bbox 96 158 747 224">
    <p class='ocr_par' dir='ltr' id='par_1_1' title="bbox 96 158 747 224">
     <span class='ocr_line' id='line_1_1' title="bbox 96 158 747 224; baseline -0.02 0"><span class='ocrx_word' id='word_1_1' title='bbox 96 159 162 224; x_wconf 82' lang='grc'>124</span> <span class='ocrx_word' id='word_1_2' title='bbox 459 159 569 211; x_wconf 76' lang='lat' dir='ltr'>raom</span> <span class='ocrx_word' id='word_1_3' title='bbox 587 158 747 211; x_wconf 79' lang='lat' dir='ltr'>armona</span> 
     </span>
    </p>
   </div>
   <div class='ocr_carea' id='block_1_2' title="bbox 44 320 1152 1381">
    <p class='ocr_par' dir='ltr' id='par_1_2' title="bbox 44 320 1152 1381">
     <span class='ocr_line' id='line_1_2' title="bbox 97 320 1107 405; baseline -0.005 -19"><span class='ocrx_word' id='word_1_4' title='bbox 97 327 192 386; x_wconf 92' lang='lat' dir='ltr'>statio.</span> <span class='ocrx_word' id='word_1_5' title='bbox 239 343 308 385; x_wconf 92' lang='lat' dir='ltr'>ecce</span> <span class='ocrx_word' id='word_1_6' title='bbox 332 323 517 405; x_wconf 81' lang='lat' dir='ltr'><strong>Ocriculum,</strong></span> <span class='ocrx_word' id='word_1_7' title='bbox 542 341 611 385; x_wconf 88' lang='lat' dir='ltr'>ecce</span> <span class='ocrx_word' id='word_1_8' title='bbox 635 322 842 404; x_wconf 80' lang='lat' dir='ltr'><strong>Grumentum,</strong></span> <span class='ocrx_word' id='word_1_9' title='bbox 864 340 935 383; x_wconf 90' lang='lat' dir='ltr'>ecce</span> <span class='ocrx_word' id='word_1_10' title='bbox 958 320 1107 402; x_wconf 78' lang='lat' dir='ltr'>Faesulae,</span> 
     </span>
     <span class='ocr_line' id='line_1_3' title="bbox 97 410 1107 493; baseline -0.003 -20"><span class='ocrx_word' id='word_1_11' title='bbox 97 432 165 474; x_wconf 87' lang='lat' dir='ltr'>ecce</span> <span class='ocrx_word' id='word_1_12' title='bbox 185 412 316 474; x_wconf 81' lang='lat' dir='ltr'><strong>Carseoli</strong></span> <span class='ocrx_word' id='word_1_13' title='bbox 334 414 486 493; x_wconf 78' lang='lat' dir='ltr'>Aesernia,</span> <span class='ocrx_word' id='word_1_14' title='bbox 509 412 637 473; x_wconf 78' lang='lat' dir='ltr'>Nuceria</span> <span class='ocrx_word' id='word_1_15' title='bbox 654 411 789 473; x_wconf 83' lang='lat' dir='ltr'>Picentia</span> <span class='ocrx_word' id='word_1_16' title='bbox 811 410 954 473; x_wconf 91' lang='lat' dir='ltr'>caedibus</span> <span class='ocrx_word' id='word_1_17' title='bbox 978 411 1058 471; x_wconf 86' lang='lat' dir='ltr'>ferro</span> <span class='ocrx_word' id='word_1_18' title='bbox 1079 416 1107 470; x_wconf 89' lang='lat' dir='ltr'>et</span> 
     </span>
     <span class='ocr_line' id='line_1_4' title="bbox 44 500 1107 583; baseline -0.003 -21"><span class='ocrx_word' id='word_1_19' title='bbox 44 504 164 581; x_wconf 76' lang='lat' dir='ltr'>migne</span> <span class='ocrx_word' id='word_1_20' title='bbox 188 509 347 563; x_wconf 83' lang='lat' dir='ltr'>vastantur.</span> <span class='ocrx_word' id='word_1_21' title='bbox 385 502 468 562; x_wconf 87' lang='lat' dir='ltr'>lusae</span> <span class='ocrx_word' id='word_1_22' title='bbox 487 500 580 562; x_wconf 85' lang='lat' dir='ltr'>Rutili</span> <span class='ocrx_word' id='word_1_23' title='bbox 599 503 711 583; x_wconf 93' lang='lat' dir='ltr'>copiae,</span> <span class='ocrx_word' id='word_1_24' title='bbox 734 501 816 562; x_wconf 82' lang='lat' dir='ltr'>fusae</span> <span class='ocrx_word' id='word_1_25' title='bbox 835 500 1004 579; x_wconf 87' lang='lat' dir='ltr'>Caepionis.</span> <span class='ocrx_word' id='word_1_26' title='bbox 1041 517 1107 559; x_wconf 89' lang='lat' dir='ltr'>nam</span> 
     </span>
     <span class='ocr_line' id='line_1_5' title="bbox 96 588 1152 670; baseline 0 -19"><span class='ocrx_word' id='word_1_27' title='bbox 96 593 160 670; x_wconf 90' lang='lat' dir='ltr'>ipse</span> <span class='ocrx_word' id='word_1_28' title='bbox 183 589 276 651; x_wconf 90' lang='lat' dir='ltr'>lulius</span> <span class='ocrx_word' id='word_1_29' title='bbox 296 589 405 651; x_wconf 85' lang='lat' dir='ltr'>Caesar</span> <span class='ocrx_word' id='word_1_30' title='bbox 423 592 556 651; x_wconf 83' lang='lat' dir='ltr'>exercitu</span> <span class='ocrx_word' id='word_1_31' title='bbox 574 592 684 650; x_wconf 88' lang='lat' dir='ltr'>amisso</span> <span class='ocrx_word' id='word_1_32' title='bbox 704 608 772 650; x_wconf 93' lang='lat' dir='ltr'>cum</span> <span class='ocrx_word' id='word_1_33' title='bbox 790 592 822 650; x_wconf 94' lang='lat' dir='ltr'>in</span> <span class='ocrx_word' id='word_1_34' title='bbox 839 588 947 650; x_wconf 90' lang='lat' dir='ltr'>urbem</span> <span class='ocrx_word' id='word_1_35' title='bbox 967 596 1107 650; x_wconf 90' lang='lat' dir='ltr'>cruentus</span> <span class='ocrx_word' id='word_1_36' title='bbox 1149 646 1152 651; x_wconf 92' lang='lat'>.</span> 
     </span>
     <span class='ocr_line' id='line_1_6' title="bbox 96 677 1134 760; baseline -0.007 -20"><span class='ocrx_word' id='word_1_37' title='bbox 96 679 260 740; x_wconf 83' lang='lat' dir='ltr'>referretur</span> <span class='ocrx_word' id='word_1_38' title='bbox 283 678 446 740; x_wconf 89' lang='lat' dir='ltr'>miserabili</span> <span class='ocrx_word' id='word_1_39' title='bbox 469 679 583 760; x_wconf 84' lang='lat' dir='ltr'>funere,</span> <span class='ocrx_word' id='word_1_40' title='bbox 605 679 702 740; x_wconf 89' lang='lat' dir='ltr'>media</span> <span class='ocrx_word' id='word_1_41' title='bbox 725 679 800 740; x_wconf 91' lang='lat' dir='ltr'>urbe</span> <span class='ocrx_word' id='word_1_42' title='bbox 818 696 874 759; x_wconf 92' lang='lat' dir='ltr'>per</span> <span class='ocrx_word' id='word_1_43' title='bbox 892 680 972 738; x_wconf 90' lang='lat' dir='ltr'>riam</span> <span class='ocrx_word' id='word_1_44' title='bbox 991 677 1134 738; x_wconf 78' lang='lat' dir='ltr'>deiecitr</span> 
     </span>
     <span class='ocr_line' id='line_1_7' title="bbox 44 765 1107 848; baseline -0.004 -19"><span class='ocrx_word' id='word_1_45' title='bbox 44 781 77 829; x_wconf 84' lang='lat'>13</span> <span class='ocrx_word' id='word_1_46' title='bbox 97 769 149 829; x_wconf 89' lang='lat' dir='ltr'>sed</span> <span class='ocrx_word' id='word_1_47' title='bbox 176 787 283 846; x_wconf 84' lang='lat' dir='ltr'>magna</span> <span class='ocrx_word' id='word_1_48' title='bbox 309 768 412 848; x_wconf 94' lang='lat' dir='ltr'>populi</span> <span class='ocrx_word' id='word_1_49' title='bbox 438 766 471 827; x_wconf 89' lang='lat' dir='ltr'>R.</span> <span class='ocrx_word' id='word_1_50' title='bbox 496 768 613 828; x_wconf 84' lang='lat' dir='ltr'>fortuna</span> <span class='ocrx_word' id='word_1_51' title='bbox 642 776 672 828; x_wconf 88' lang='lat' dir='ltr'>et</span> <span class='ocrx_word' id='word_1_52' title='bbox 699 786 819 848; x_wconf 89' lang='lat' dir='ltr'>semper</span> <span class='ocrx_word' id='word_1_53' title='bbox 846 768 878 827; x_wconf 93' lang='lat' dir='ltr'>in</span> <span class='ocrx_word' id='word_1_54' title='bbox 905 765 993 827; x_wconf 87' lang='lat' dir='ltr'>malis</span> <span class='ocrx_word' id='word_1_55' title='bbox 1016 769 1107 826; x_wconf 93' lang='lat' dir='ltr'>maior</span> 
     </span>
     <span class='ocr_line' id='line_1_8' title="bbox 95 855 1107 937; baseline -0.003 -20"><span class='ocrx_word' id='word_1_56' title='bbox 95 859 166 917; x_wconf 89' lang='lat' dir='ltr'>totis</span> <span class='ocrx_word' id='word_1_57' title='bbox 195 857 291 918; x_wconf 93' lang='lat' dir='ltr'>denuo</span> <span class='ocrx_word' id='word_1_58' title='bbox 314 857 428 918; x_wconf 89' lang='lat' dir='ltr'>viribus</span> <span class='ocrx_word' id='word_1_59' title='bbox 452 858 652 937; x_wconf 83' lang='lat' dir='ltr'>consurrexit3</span> <span class='ocrx_word' id='word_1_60' title='bbox 683 857 875 936; x_wconf 85' lang='lat' dir='ltr'>adgressique</span> <span class='ocrx_word' id='word_1_61' title='bbox 900 855 1035 935; x_wconf 83' lang='lat' dir='ltr'>singulos</span> <span class='ocrx_word' id='word_1_62' title='bbox 1057 873 1107 935; x_wconf 92' lang='lat' dir='ltr'>po·</span> 
     </span>
     <span class='ocr_line' id='line_1_9' title="bbox 96 943 1107 1026; baseline -0.003 -20"><span class='ocrx_word' id='word_1_63' title='bbox 96 945 182 1024; x_wconf 92' lang='lat' dir='ltr'>pulos</span> <span class='ocrx_word' id='word_1_64' title='bbox 220 945 290 1006; x_wconf 82' lang='lat' dir='ltr'>Cato</span> <span class='ocrx_word' id='word_1_65' title='bbox 327 946 450 1007; x_wconf 82' lang='lat' dir='ltr'>discutit</span> <span class='ocrx_word' id='word_1_66' title='bbox 481 945 637 1026; x_wconf 79' lang='lat' dir='ltr'>Etruscos,</span> <span class='ocrx_word' id='word_1_67' title='bbox 674 945 818 1006; x_wconf 87' lang='lat' dir='ltr'>Gabinius</span> <span class='ocrx_word' id='word_1_68' title='bbox 849 944 978 1026; x_wconf 88' lang='lat' dir='ltr'>Marsos,</span> <span class='ocrx_word' id='word_1_69' title='bbox 1015 943 1107 1004; x_wconf 87' lang='lat' dir='ltr'>Carbo</span> 
     </span>
     <span class='ocr_line' id='line_1_10' title="bbox 45 1033 1107 1116; baseline -0.003 -21"><span class='ocrx_word' id='word_1_70' title='bbox 45 1047 79 1096; x_wconf 89' lang='lat'>14</span> <span class='ocrx_word' id='word_1_71' title='bbox 96 1034 245 1116; x_wconf 79' lang='lat' dir='ltr'>LucanoS,</span> <span class='ocrx_word' id='word_1_72' title='bbox 278 1033 357 1114; x_wconf 79' lang='lat' dir='ltr'>Sylla</span> <span class='ocrx_word' id='word_1_73' title='bbox 389 1035 550 1115; x_wconf 87' lang='lat' dir='ltr'>Samnites,</span> <span class='ocrx_word' id='word_1_74' title='bbox 584 1033 689 1094; x_wconf 90' lang='lat' dir='ltr'>Strabo</span> <span class='ocrx_word' id='word_1_75' title='bbox 722 1053 792 1095; x_wconf 85' lang='lat' dir='ltr'>vero</span> <span class='ocrx_word' id='word_1_76' title='bbox 819 1034 980 1113; x_wconf 92' lang='lat' dir='ltr'>Pompeius</span> <span class='ocrx_word' id='word_1_77' title='bbox 1013 1035 1107 1093; x_wconf 88' lang='lat' dir='ltr'>omnia</span> 
     </span>
     <span class='ocr_line' id='line_1_11' title="bbox 96 1121 1147 1203; baseline -0.007 -20"><span class='ocrx_word' id='word_1_78' title='bbox 96 1123 223 1183; x_wconf 88' lang='lat' dir='ltr'>flammis</span> <span class='ocrx_word' id='word_1_79' title='bbox 247 1124 385 1202; x_wconf 85' lang='lat' dir='ltr'>ferroque</span> <span class='ocrx_word' id='word_1_80' title='bbox 408 1123 565 1203; x_wconf 90' lang='lat' dir='ltr'>populatus</span> <span class='ocrx_word' id='word_1_81' title='bbox 583 1141 644 1183; x_wconf 92' lang='lat' dir='ltr'>non</span> <span class='ocrx_word' id='word_1_82' title='bbox 662 1125 748 1201; x_wconf 91' lang='lat' dir='ltr'>prius</span> <span class='ocrx_word' id='word_1_83' title='bbox 767 1124 857 1184; x_wconf 87' lang='lat' dir='ltr'>tinem</span> <span class='ocrx_word' id='word_1_84' title='bbox 875 1122 1014 1183; x_wconf 88' lang='lat' dir='ltr'>caedium</span> <span class='ocrx_word' id='word_1_85' title='bbox 1032 1121 1107 1202; x_wconf 85' lang='lat' dir='ltr'>iecit,</span> <span class='ocrx_word' id='word_1_86' title='bbox 1118 1135 1147 1178; x_wconf 84' lang='grc' dir='ltr'>ιο</span> 
     </span>
     <span class='ocr_line' id='line_1_12' title="bbox 98 1211 1107 1290; baseline -0.001 -18"><span class='ocrx_word' id='word_1_87' title='bbox 98 1231 186 1290; x_wconf 90' lang='lat' dir='ltr'>quam</span> <span class='ocrx_word' id='word_1_88' title='bbox 208 1212 308 1273; x_wconf 80' lang='lat' dir='ltr'>Asculi</span> <span class='ocrx_word' id='word_1_89' title='bbox 338 1215 492 1273; x_wconf 87' lang='lat' dir='ltr'>eversione</span> <span class='ocrx_word' id='word_1_90' title='bbox 517 1211 654 1272; x_wconf 90' lang='lat' dir='ltr'>manibus</span> <span class='ocrx_word' id='word_1_91' title='bbox 677 1219 722 1273; x_wconf 89' lang='lat' dir='ltr'>tot</span> <span class='ocrx_word' id='word_1_92' title='bbox 744 1214 930 1273; x_wconf 81' lang='lat' dir='ltr'>exercituum</span> <span class='ocrx_word' id='word_1_93' title='bbox 954 1211 1107 1272; x_wconf 91' lang='lat' dir='ltr'>consulum</span> 
     </span>
     <span class='ocr_line' id='line_1_13' title="bbox 98 1300 907 1381; baseline -0.002 -19"><span class='ocrx_word' id='word_1_94' title='bbox 98 1301 342 1381; x_wconf 89' lang='lat' dir='ltr'>direptarumque</span> <span class='ocrx_word' id='word_1_95' title='bbox 364 1300 484 1361; x_wconf 90' lang='lat' dir='ltr'>urbium</span> <span class='ocrx_word' id='word_1_96' title='bbox 508 1301 553 1360; x_wconf 92' lang='lat' dir='ltr'>dis</span> <span class='ocrx_word' id='word_1_97' title='bbox 577 1301 714 1361; x_wconf 87' lang='lat' dir='ltr'>litaretur</span> <span class='ocrx_word' id='word_1_98' title='bbox 736 1309 907 1380; x_wconf 88' lang='lat' dir='ltr'>utcumque.</span> 
     </span>
    </p>
   </div>
   <div class='ocr_carea' id='block_1_3' title="bbox 390 1495 820 1557">
    <p class='ocr_par' dir='ltr' id='par_1_3' title="bbox 390 1495 820 1557">
     <span class='ocr_line' id='line_1_14' title="bbox 390 1495 820 1557; baseline 0.002 -2"><span class='ocrx_word' id='word_1_99' title='bbox 390 1496 448 1557; x_wconf 88' lang='lat' dir='ltr'>VH.</span> <span class='ocrx_word' id='word_1_100' title='bbox 482 1495 632 1555; x_wconf 87' lang='lat' dir='ltr'>BELLVM</span> <span class='ocrx_word' id='word_1_101' title='bbox 656 1495 820 1556; x_wconf 86' lang='lat' dir='ltr'>SERVlLE.</span> 
     </span>
    </p>
   </div>
   <div class='ocr_carea' id='block_1_4' title="bbox 1 1635 1139 1895">
    <p class='ocr_par' dir='ltr' id='par_1_4' title="bbox 1 1635 1139 1895">
     <span class='ocr_line' id='line_1_15' title="bbox 1 1635 1108 1718; baseline -0.001 -21"><span class='ocrx_word' id='word_1_102' title='bbox 1 1635 95 1718; x_wconf 81' lang='lat'>11,19</span> <span class='ocrx_word' id='word_1_103' title='bbox 164 1637 229 1698; x_wconf 88' lang='lat' dir='ltr'>Etsi</span> <span class='ocrx_word' id='word_1_104' title='bbox 261 1657 329 1698; x_wconf 90' lang='lat' dir='ltr'>cum</span> <span class='ocrx_word' id='word_1_105' title='bbox 363 1641 519 1699; x_wconf 91' lang='lat' dir='ltr'>sociis-</span> <span class='ocrx_word' id='word_1_106' title='bbox 542 1638 625 1699; x_wconf 85' lang='lat' dir='ltr'>nefas</span> <span class='ocrx_word' id='word_1_107' title='bbox 649 1672 691 1680; x_wconf 91' lang='lat'>—</span> <span class='ocrx_word' id='word_1_108' title='bbox 716 1657 783 1699; x_wconf 92' lang='lat' dir='ltr'>cum</span> <span class='ocrx_word' id='word_1_109' title='bbox 813 1637 918 1697; x_wconf 91' lang='lat' dir='ltr'>liberis</span> <span class='ocrx_word' id='word_1_110' title='bbox 949 1643 1052 1698; x_wconf 90' lang='lat' dir='ltr'>tamen</span> <span class='ocrx_word' id='word_1_111' title='bbox 1081 1643 1108 1696; x_wconf 92' lang='lat' dir='ltr'>et</span> 
     </span>
     <span class='ocr_line' id='line_1_16' title="bbox 99 1726 1139 1806; baseline -0.002 -20"><span class='ocrx_word' id='word_1_112' title='bbox 99 1729 237 1805; x_wconf 83' lang='lat' dir='ltr'>ingenuis</span> <span class='ocrx_word' id='word_1_113' title='bbox 262 1727 433 1787; x_wconf 92' lang='lat' dir='ltr'>dimicatum</span> <span class='ocrx_word' id='word_1_114' title='bbox 458 1734 517 1787; x_wconf 87' lang='lat' dir='ltr'>est:</span> <span class='ocrx_word' id='word_1_115' title='bbox 546 1729 612 1806; x_wconf 87' lang='lat' dir='ltr'>quis</span> <span class='ocrx_word' id='word_1_116' title='bbox 635 1745 729 1806; x_wconf 85' lang='lat' dir='ltr'>aequo</span> <span class='ocrx_word' id='word_1_117' title='bbox 754 1729 850 1786; x_wconf 91' lang='lat' dir='ltr'>animo</span> <span class='ocrx_word' id='word_1_118' title='bbox 874 1726 951 1786; x_wconf 89' lang='lat' dir='ltr'>ierat</span> <span class='ocrx_word' id='word_1_119' title='bbox 974 1728 1008 1786; x_wconf 92' lang='lat' dir='ltr'>in</span> <span class='ocrx_word' id='word_1_120' title='bbox 1030 1729 1139 1806; x_wconf 80' lang='lat' dir='ltr'>prin-n</span> 
     </span>
     <span class='ocr_line' id='line_1_17' title="bbox 63 1813 1108 1895; baseline -0.004 -17"><span class='ocrx_word' id='word_1_121' title='bbox 63 1817 165 1895; x_wconf 73' lang='lat' dir='ltr'>acipe</span> <span class='ocrx_word' id='word_1_122' title='bbox 203 1817 335 1893; x_wconf 86' lang='lat' dir='ltr'>gentium</span> <span class='ocrx_word' id='word_1_123' title='bbox 371 1815 480 1895; x_wconf 92' lang='lat' dir='ltr'>populo</span> <span class='ocrx_word' id='word_1_124' title='bbox 516 1815 594 1876; x_wconf 90' lang='lat' dir='ltr'>bella</span> <span class='ocrx_word' id='word_1_125' title='bbox 631 1813 806 1877; x_wconf 80' lang='lat' dir='ltr'>serrorum?</span> <span class='ocrx_word' id='word_1_126' title='bbox 841 1817 972 1895; x_wconf 92' lang='lat' dir='ltr'>primum</span> <span class='ocrx_word' id='word_1_127' title='bbox 1006 1814 1108 1876; x_wconf 86' lang='lat' dir='ltr'>servile</span> 
     </span>
    </p>
   </div>
   <div class='ocr_carea' id='block_1_5' title="bbox 95 1966 1112 3598">
    <p class='ocr_par' dir='ltr' id='par_1_5' title="bbox 95 1966 1112 3460">
     <span class='ocr_line' id='line_1_18' title="bbox 171 1966 1109 2040; baseline 0.004 -20"><span class='ocrx_word' id='word_1_128' title='bbox 171 1973 184 2019; x_wconf 91' lang='lat'>1</span> <span class='ocrx_word' id='word_1_129' title='bbox 201 1966 367 2022; x_wconf 89' lang='lat' dir='ltr'>Ocriculum.</span> <span class='ocrx_word' id='word_1_130' title='bbox 391 1968 462 2022; x_wconf 87' lang='lat' dir='ltr'>Ecce</span> <span class='ocrx_word' id='word_1_131' title='bbox 477 1970 663 2040; x_wconf 83' lang='lat' dir='ltr'>grumentum.</span> <span class='ocrx_word' id='word_1_132' title='bbox 687 1969 759 2022; x_wconf 88' lang='lat' dir='ltr'>Ecce</span> <span class='ocrx_word' id='word_1_133' title='bbox 773 1968 869 2022; x_wconf 86' lang='lat' dir='ltr'>fesule.</span> <span class='ocrx_word' id='word_1_134' title='bbox 879 1969 925 2022; x_wconf 86' lang='lat' dir='ltr'>bic</span> <span class='ocrx_word' id='word_1_135' title='bbox 939 1970 1042 2024; x_wconf 80' lang='lat' dir='ltr'>omissa</span> <span class='ocrx_word' id='word_1_136' title='bbox 1051 1973 1109 2039; x_wconf 79' lang='lat' dir='ltr'>post</span> 
     </span>
     <span class='ocr_line' id='line_1_19' title="bbox 99 2037 1110 2182; baseline 0.003 -20"><span class='ocrx_word' id='word_1_137' title='bbox 99 2037 1110 2182; x_wconf 58' lang='grc'>111311·1111111111111111111111111</span> 
     </span>
     <span class='ocr_line' id='line_1_20' title="bbox 98 2180 1109 2237; baseline 0.001 -4"><span class='ocrx_word' id='word_1_138' title='bbox 98 2183 204 2235; x_wconf 89' lang='lat' dir='ltr'>reserat</span> <span class='ocrx_word' id='word_1_139' title='bbox 218 2181 349 2235; x_wconf 85' lang='lat' dir='ltr'>anuceria</span> <span class='ocrx_word' id='word_1_140' title='bbox 363 2183 391 2235; x_wconf 88' lang='lat' dir='ltr'><em>B</em></span> <span class='ocrx_word' id='word_1_141' title='bbox 404 2198 448 2236; x_wconf 89' lang='lat' dir='ltr'>res</span> <span class='ocrx_word' id='word_1_142' title='bbox 463 2184 524 2236; x_wconf 84' lang='lat' dir='ltr'>erat</span> <span class='ocrx_word' id='word_1_143' title='bbox 537 2181 652 2236; x_wconf 88' lang='lat' dir='ltr'>nuceria</span> <span class='ocrx_word' id='word_1_144' title='bbox 663 2182 698 2236; x_wconf 90' lang='lat' dir='ltr'><em>N</em></span> <span class='ocrx_word' id='word_1_145' title='bbox 707 2182 844 2235; x_wconf 80' lang='lat' dir='ltr'>Reserate</span> <span class='ocrx_word' id='word_1_146' title='bbox 857 2180 973 2235; x_wconf 86' lang='lat' dir='ltr'>nuceria·</span> <span class='ocrx_word' id='word_1_147' title='bbox 988 2182 1030 2237; x_wconf 85' lang='lat' dir='ltr'>L:</span> <span class='ocrx_word' id='word_1_148' title='bbox 1045 2199 1109 2237; x_wconf 85' lang='lat' dir='ltr'>carr.</span> 
     </span>
     <span class='ocr_line' id='line_1_21' title="bbox 98 2251 1109 2334; baseline 0.002 -28"><span class='ocrx_word' id='word_1_149' title='bbox 98 2254 216 2308; x_wconf 77' lang='lat' dir='ltr'>Iahnius</span> <span class='ocrx_word' id='word_1_150' title='bbox 235 2256 269 2322; x_wconf 87' lang='lat' dir='ltr'>(u.</span> <span class='ocrx_word' id='word_1_151' title='bbox 283 2254 433 2334; x_wconf 78' lang='lat' dir='ltr'>Appiaaua</span> <span class='ocrx_word' id='word_1_152' title='bbox 453 2255 510 2308; x_wconf 86' lang='lat' dir='ltr'>bell.</span> <span class='ocrx_word' id='word_1_153' title='bbox 530 2255 580 2307; x_wconf 86' lang='lat' dir='ltr'>cio.</span> <span class='ocrx_word' id='word_1_154' title='bbox 595 2254 671 2322; x_wconf 84' lang='grc'>141)</span> <span class='ocrx_word' id='word_1_155' title='bbox 690 2252 779 2306; x_wconf 81' lang='lat' dir='ltr'>Reate</span> <span class='ocrx_word' id='word_1_156' title='bbox 797 2252 919 2306; x_wconf 82' lang='lat' dir='ltr'>Nuceria</span> <span class='ocrx_word' id='word_1_157' title='bbox 933 2251 1109 2324; x_wconf 70' lang='lat' dir='ltr'>Salmasius}</span> 
     </span>
     <span class='ocr_line' id='line_1_22' title="bbox 99 2322 1111 2394; baseline -0.001 -18"><span class='ocrx_word' id='word_1_158' title='bbox 99 2326 128 2377; x_wconf 88' lang='lat' dir='ltr'>et</span> <span class='ocrx_word' id='word_1_159' title='bbox 146 2332 209 2379; x_wconf 82' lang='lat' dir='ltr'>aute</span> <span class='ocrx_word' id='word_1_160' title='bbox 226 2324 351 2393; x_wconf 89' lang='lat' dir='ltr'>picent1a</span> <span class='ocrx_word' id='word_1_161' title='bbox 370 2325 432 2378; x_wconf 81' lang='lat' dir='ltr'>add.</span> <span class='ocrx_word' id='word_1_162' title='bbox 456 2324 479 2378; x_wconf 81' lang='lat' dir='ltr'><em>C</em></span> <span class='ocrx_word' id='word_1_163' title='bbox 496 2327 500 2387; x_wconf 93' lang='grc'>1</span> <span class='ocrx_word' id='word_1_164' title='bbox 520 2323 627 2394; x_wconf 90' lang='lat' dir='ltr'>picenti</span> <span class='ocrx_word' id='word_1_165' title='bbox 644 2323 790 2377; x_wconf 91' lang='lat' dir='ltr'>moenibus</span> <span class='ocrx_word' id='word_1_166' title='bbox 809 2324 836 2377; x_wconf 99' lang='grc' dir='ltr'><em>Β</em></span> <span class='ocrx_word' id='word_1_167' title='bbox 854 2322 982 2377; x_wconf 83' lang='lat' dir='ltr'>Picentia</span> <span class='ocrx_word' id='word_1_168' title='bbox 1000 2324 1111 2393; x_wconf 88' lang='lat' dir='ltr'>penitus</span> 
     </span>
     <span class='ocr_line' id='line_1_23' title="bbox 98 2394 1111 2468; baseline 0 -20"><span class='ocrx_word' id='word_1_169' title='bbox 98 2395 243 2465; x_wconf 82' lang='lat' dir='ltr'>Hauptius</span> <span class='ocrx_word' id='word_1_170' title='bbox 262 2394 434 2468; x_wconf 83' lang='lat' dir='ltr'>&lt;omniaque</span> <span class='ocrx_word' id='word_1_171' title='bbox 453 2395 519 2448; x_wconf 90' lang='lat' dir='ltr'>inde</span> <span class='ocrx_word' id='word_1_172' title='bbox 539 2394 577 2466; x_wconf 81' lang='lat' dir='ltr'>a&gt;</span> <span class='ocrx_word' id='word_1_173' title='bbox 595 2394 753 2448; x_wconf 89' lang='lat' dir='ltr'>Picentium</span> <span class='ocrx_word' id='word_1_174' title='bbox 771 2394 874 2448; x_wconf 90' lang='lat' dir='ltr'>finibus</span> <span class='ocrx_word' id='word_1_175' title='bbox 888 2395 1028 2465; x_wconf 79' lang='lat' dir='ltr'>Berpla&#39;us</span> <span class='ocrx_word' id='word_1_176' title='bbox 1042 2395 1111 2448; x_wconf 83' lang='lat' dir='ltr'>Eous</span> 
     </span>
     <span class='ocr_line' id='line_1_24' title="bbox 98 2465 1109 2536; baseline 0.001 -17"><span class='ocrx_word' id='word_1_177' title='bbox 98 2465 235 2520; x_wconf 76' lang='lat' dir='ltr'>Tuticus?</span> <span class='ocrx_word' id='word_1_178' title='bbox 248 2469 287 2535; x_wconf 84' lang='grc'>113</span> <span class='ocrx_word' id='word_1_179' title='bbox 306 2465 410 2520; x_wconf 85' lang='lat' dir='ltr'>rutilae</span> <span class='ocrx_word' id='word_1_180' title='bbox 425 2467 452 2520; x_wconf 99' lang='grc' dir='ltr'><em>Β</em></span> <span class='ocrx_word' id='word_1_181' title='bbox 470 2465 562 2519; x_wconf 85' lang='lat' dir='ltr'>frutili</span> <span class='ocrx_word' id='word_1_182' title='bbox 576 2467 609 2520; x_wconf 89' lang='lat' dir='ltr'><strong><em>N</em></strong></span> <span class='ocrx_word' id='word_1_183' title='bbox 622 2469 626 2536; x_wconf 97' lang='grc'>1</span> <span class='ocrx_word' id='word_1_184' title='bbox 643 2465 767 2535; x_wconf 80' lang='lat' dir='ltr'>capionis</span> <span class='ocrx_word' id='word_1_185' title='bbox 781 2466 809 2519; x_wconf 97' lang='grc' dir='ltr'><em>Β</em></span> <span class='ocrx_word' id='word_1_186' title='bbox 822 2468 863 2536; x_wconf 86' lang='grc'>114</span> <span class='ocrx_word' id='word_1_187' title='bbox 881 2465 967 2518; x_wconf 90' lang='lat' dir='ltr'>iulius</span> <span class='ocrx_word' id='word_1_188' title='bbox 986 2465 1050 2534; x_wconf 89' lang='lat' dir='ltr'>ipse</span> <span class='ocrx_word' id='word_1_189' title='bbox 1064 2467 1090 2520; x_wconf 79' lang='lat' dir='ltr'><em>L</em></span> <span class='ocrx_word' id='word_1_190' title='bbox 1105 2465 1109 2532; x_wconf 96' lang='grc' dir='ltr'>Ι</span> 
     </span>
     <span class='ocr_line' id='line_1_25' title="bbox 98 2535 1111 2618; baseline 0.005 -30"><span class='ocrx_word' id='word_1_191' title='bbox 98 2536 175 2589; x_wconf 89' lang='lat' dir='ltr'>illius</span> <span class='ocrx_word' id='word_1_192' title='bbox 195 2553 292 2590; x_wconf 88' lang='lat' dir='ltr'>caesar</span> <span class='ocrx_word' id='word_1_193' title='bbox 310 2539 457 2618; x_wconf 81' lang='lat' dir='ltr'>(posterior</span> <span class='ocrx_word' id='word_1_194' title='bbox 475 2554 487 2589; x_wconf 89' lang='lat' dir='ltr'>s</span> <span class='ocrx_word' id='word_1_195' title='bbox 507 2543 626 2592; x_wconf 84' lang='lat' dir='ltr'>correcta</span> <span class='ocrx_word' id='word_1_196' title='bbox 644 2554 677 2591; x_wconf 82' lang='lat' dir='ltr'>ea</span> <span class='ocrx_word' id='word_1_197' title='bbox 695 2540 719 2606; x_wconf 91' lang='lat' dir='ltr'>r)</span> <span class='ocrx_word' id='word_1_198' title='bbox 738 2538 766 2591; x_wconf 95' lang='grc' dir='ltr'><em>Β</em></span> <span class='ocrx_word' id='word_1_199' title='bbox 783 2535 906 2590; x_wconf 83' lang='lat' dir='ltr'>Rutilius</span> <span class='ocrx_word' id='word_1_200' title='bbox 926 2552 981 2591; x_wconf 89' lang='lat' dir='ltr'>cos.</span> <span class='ocrx_word' id='word_1_201' title='bbox 997 2537 1111 2593; x_wconf 81' lang='lat' dir='ltr'>Freins-</span> 
     </span>
     <span class='ocr_line' id='line_1_26' title="bbox 97 2607 1109 2679; baseline 0 -17"><span class='ocrx_word' id='word_1_202' title='bbox 97 2609 201 2662; x_wconf 80' lang='lat' dir='ltr'>hemius</span> <span class='ocrx_word' id='word_1_203' title='bbox 221 2611 225 2676; x_wconf 97' lang='grc'>1</span> <span class='ocrx_word' id='word_1_204' title='bbox 246 2624 379 2661; x_wconf 84' lang='lat' dir='ltr'>amm1sso</span> <span class='ocrx_word' id='word_1_205' title='bbox 398 2609 491 2677; x_wconf 82' lang='lat' dir='ltr'>(prior</span> <span class='ocrx_word' id='word_1_206' title='bbox 508 2626 537 2660; x_wconf 93' lang='lat' dir='ltr'>m</span> <span class='ocrx_word' id='word_1_207' title='bbox 555 2609 702 2677; x_wconf 68' lang='lat' dir='ltr'>transfixa)</span> <span class='ocrx_word' id='word_1_208' title='bbox 721 2626 770 2661; x_wconf 88' lang='lat' dir='ltr'>cur</span> <span class='ocrx_word' id='word_1_209' title='bbox 788 2608 815 2661; x_wconf 99' lang='grc' dir='ltr'><em>Β</em></span> <span class='ocrx_word' id='word_1_210' title='bbox 836 2610 846 2674; x_wconf 93' lang='grc'>11</span> <span class='ocrx_word' id='word_1_211' title='bbox 866 2612 882 2660; x_wconf 79' lang='lat'>5</span> <span class='ocrx_word' id='word_1_212' title='bbox 902 2607 1041 2662; x_wconf 89' lang='lat' dir='ltr'>eferretur</span> <span class='ocrx_word' id='word_1_213' title='bbox 1059 2609 1092 2662; x_wconf 92' lang='lat' dir='ltr'><em>N</em></span> <span class='ocrx_word' id='word_1_214' title='bbox 1105 2620 1109 2679; x_wconf 86' lang='lat'>(</span> 
     </span>
     <span class='ocr_line' id='line_1_27' title="bbox 98 2677 1112 2748; baseline 0.003 -19"><span class='ocrx_word' id='word_1_215' title='bbox 98 2677 222 2731; x_wconf 89' lang='lat' dir='ltr'>mediam</span> <span class='ocrx_word' id='word_1_216' title='bbox 239 2678 338 2731; x_wconf 90' lang='lat' dir='ltr'>urbem</span> <span class='ocrx_word' id='word_1_217' title='bbox 355 2694 405 2748; x_wconf 90' lang='lat' dir='ltr'>per</span> <span class='ocrx_word' id='word_1_218' title='bbox 423 2678 501 2732; x_wconf 90' lang='lat' dir='ltr'>uiam</span> <span class='ocrx_word' id='word_1_219' title='bbox 519 2678 599 2733; x_wconf 86' lang='lat' dir='ltr'>fecit:</span> <span class='ocrx_word' id='word_1_220' title='bbox 623 2681 731 2734; x_wconf 78' lang='lat' dir='ltr'>correxi</span> <span class='ocrx_word' id='word_1_221' title='bbox 749 2677 863 2748; x_wconf 85' lang='lat' dir='ltr'>(defecit</span> <span class='ocrx_word' id='word_1_222' title='bbox 884 2679 1000 2747; x_wconf 81' lang='lat' dir='ltr'>Titzius)</span> <span class='ocrx_word' id='word_1_223' title='bbox 1019 2679 1112 2734; x_wconf 88' lang='lat' dir='ltr'>media</span> 
     </span>
     <span class='ocr_line' id='line_1_28' title="bbox 97 2748 1110 2820; baseline 0.003 -19"><span class='ocrx_word' id='word_1_224' title='bbox 97 2748 127 2800; x_wconf 92' lang='lat' dir='ltr'>in</span> <span class='ocrx_word' id='word_1_225' title='bbox 154 2749 223 2802; x_wconf 91' lang='lat' dir='ltr'>urbe</span> <span class='ocrx_word' id='word_1_226' title='bbox 250 2765 300 2818; x_wconf 90' lang='lat' dir='ltr'>per</span> <span class='ocrx_word' id='word_1_227' title='bbox 328 2748 404 2802; x_wconf 89' lang='lat' dir='ltr'>uiam</span> <span class='ocrx_word' id='word_1_228' title='bbox 434 2748 537 2803; x_wconf 87' lang='lat' dir='ltr'>defecit</span> <span class='ocrx_word' id='word_1_229' title='bbox 561 2750 693 2805; x_wconf 81' lang='lat' dir='ltr'>Halmius</span> <span class='ocrx_word' id='word_1_230' title='bbox 716 2748 810 2804; x_wconf 89' lang='lat' dir='ltr'>media</span> <span class='ocrx_word' id='word_1_231' title='bbox 832 2749 863 2802; x_wconf 91' lang='lat' dir='ltr'>in</span> <span class='ocrx_word' id='word_1_232' title='bbox 885 2750 954 2802; x_wconf 88' lang='lat' dir='ltr'>urbe</span> <span class='ocrx_word' id='word_1_233' title='bbox 978 2750 1110 2820; x_wconf 90' lang='lat' dir='ltr'>populum</span> 
     </span>
     <span class='ocr_line' id='line_1_29' title="bbox 97 2818 1109 2891; baseline 0.005 -20"><span class='ocrx_word' id='word_1_234' title='bbox 97 2818 255 2873; x_wconf 84' lang='lat' dir='ltr'>Romanum</span> <span class='ocrx_word' id='word_1_235' title='bbox 273 2818 351 2873; x_wconf 92' lang='lat' dir='ltr'>luctu</span> <span class='ocrx_word' id='word_1_236' title='bbox 371 2819 466 2874; x_wconf 90' lang='lat' dir='ltr'>affecit</span> <span class='ocrx_word' id='word_1_237' title='bbox 485 2821 520 2874; x_wconf 82' lang='lat' dir='ltr'>F.</span> <span class='ocrx_word' id='word_1_238' title='bbox 536 2822 571 2876; x_wconf 85' lang='lat' dir='ltr'>E.</span> <span class='ocrx_word' id='word_1_239' title='bbox 587 2821 737 2875; x_wconf 83' lang='lat' dir='ltr'>Koeblerus</span> <span class='ocrx_word' id='word_1_240' title='bbox 755 2820 879 2874; x_wconf 88' lang='lat' dir='ltr'>mediam</span> <span class='ocrx_word' id='word_1_241' title='bbox 896 2819 1060 2891; x_wconf 83' lang='lat' dir='ltr'>(dimidiam</span> <span class='ocrx_word' id='word_1_242' title='bbox 1077 2821 1109 2876; x_wconf 85' lang='grc' dir='ltr'>Β.</span> 
     </span>
     <span class='ocr_line' id='line_1_30' title="bbox 97 2890 1112 2961; baseline -0.002 -15"><span class='ocrx_word' id='word_1_243' title='bbox 97 2890 279 2946; x_wconf 79' lang='lat' dir='ltr'>Schwartrias</span> <span class='ocrx_word' id='word_1_244' title='bbox 292 2893 349 2945; x_wconf 84' lang='lat' dir='ltr'>iad.</span> <span class='ocrx_word' id='word_1_245' title='bbox 366 2892 421 2945; x_wconf 86' lang='lat' dir='ltr'>lect.</span> <span class='ocrx_word' id='word_1_246' title='bbox 437 2892 563 2946; x_wconf 82' lang='lat' dir='ltr'>Rostocb.</span> <span class='ocrx_word' id='word_1_247' title='bbox 582 2896 655 2946; x_wconf 86' lang='grc'>1889</span> <span class='ocrx_word' id='word_1_248' title='bbox 665 2910 695 2961; x_wconf 84' lang='lat' dir='ltr'>p.</span> <span class='ocrx_word' id='word_1_249' title='bbox 710 2895 741 2961; x_wconf 82' lang='lat'>2)</span> <span class='ocrx_word' id='word_1_250' title='bbox 760 2891 858 2945; x_wconf 91' lang='lat' dir='ltr'>urbem</span> <span class='ocrx_word' id='word_1_251' title='bbox 876 2892 1030 2961; x_wconf 78' lang='lat' dir='ltr'>praeficem</span> <span class='ocrx_word' id='word_1_252' title='bbox 1047 2891 1112 2946; x_wconf 87' lang='lat' dir='ltr'>fecit</span> 
     </span>
     <span class='ocr_line' id='line_1_31' title="bbox 97 2961 1111 3032; baseline -0.001 -15"><span class='ocrx_word' id='word_1_253' title='bbox 97 2961 238 3031; x_wconf 81' lang='lat' dir='ltr'>Sauppius</span> <span class='ocrx_word' id='word_1_254' title='bbox 252 2964 290 3032; x_wconf 87' lang='grc'>117</span> <span class='ocrx_word' id='word_1_255' title='bbox 313 2962 399 3016; x_wconf 87' lang='lat' dir='ltr'>desua</span> <span class='ocrx_word' id='word_1_256' title='bbox 422 2963 461 3031; x_wconf 81' lang='lat' dir='ltr'>O(</span> <span class='ocrx_word' id='word_1_257' title='bbox 477 2961 629 3017; x_wconf 88' lang='lat' dir='ltr'>insurrexit</span> <span class='ocrx_word' id='word_1_258' title='bbox 649 2962 673 3017; x_wconf 74' lang='grc'>(1</span> <span class='ocrx_word' id='word_1_259' title='bbox 687 2964 802 3029; x_wconf 75' lang='lat' dir='ltr'>fortasse</span> <span class='ocrx_word' id='word_1_260' title='bbox 819 2969 888 3018; x_wconf 81' lang='lat' dir='ltr'>reete</span> <span class='ocrx_word' id='word_1_261' title='bbox 904 2964 908 3031; x_wconf 96' lang='grc'>1</span> <span class='ocrx_word' id='word_1_262' title='bbox 923 2962 1111 3032; x_wconf 81' lang='lat' dir='ltr'>Aggressique</span> 
     </span>
     <span class='ocr_line' id='line_1_32' title="bbox 97 3032 1112 3104; baseline 0.002 -18"><span class='ocrx_word' id='word_1_263' title='bbox 97 3033 124 3086; x_wconf 88' lang='lat' dir='ltr'><em>L</em></span> <span class='ocrx_word' id='word_1_264' title='bbox 146 3037 150 3104; x_wconf 96' lang='grc'>1</span> <span class='ocrx_word' id='word_1_265' title='bbox 174 3032 279 3104; x_wconf 85' lang='lat' dir='ltr'>singuli</span> <span class='ocrx_word' id='word_1_266' title='bbox 299 3035 322 3088; x_wconf 82' lang='lat'><strong><em>0</em></strong></span> <span class='ocrx_word' id='word_1_267' title='bbox 342 3035 351 3103; x_wconf 95' lang='grc'>11</span> <span class='ocrx_word' id='word_1_268' title='bbox 375 3039 391 3088; x_wconf 88' lang='grc'>8</span> <span class='ocrx_word' id='word_1_269' title='bbox 415 3035 553 3088; x_wconf 88' lang='lat' dir='ltr'>ettruscos</span> <span class='ocrx_word' id='word_1_270' title='bbox 571 3033 600 3086; x_wconf 94' lang='grc' dir='ltr'><em>Β</em></span> <span class='ocrx_word' id='word_1_271' title='bbox 622 3035 762 3088; x_wconf 87' lang='lat' dir='ltr'>tetrusoos</span> <span class='ocrx_word' id='word_1_272' title='bbox 786 3035 919 3103; x_wconf 81' lang='lat' dir='ltr'>(priorem</span> <span class='ocrx_word' id='word_1_273' title='bbox 941 3035 954 3086; x_wconf 90' lang='lat' dir='ltr'>t</span> <span class='ocrx_word' id='word_1_274' title='bbox 978 3036 1112 3104; x_wconf 75' lang='lat' dir='ltr'>expromit</span> 
     </span>
     <span class='ocr_line' id='line_1_33' title="bbox 96 3103 1112 3174; baseline 0.001 -15"><span class='ocrx_word' id='word_1_275' title='bbox 96 3124 130 3160; x_wconf 88' lang='lat' dir='ltr'>m.</span> <span class='ocrx_word' id='word_1_276' title='bbox 145 3107 176 3174; x_wconf 81' lang='lat'>2)</span> <span class='ocrx_word' id='word_1_277' title='bbox 195 3105 229 3159; x_wconf 91' lang='lat' dir='ltr'><strong><em>N</em></strong></span> <span class='ocrx_word' id='word_1_278' title='bbox 242 3105 246 3174; x_wconf 95' lang='grc'>1</span> <span class='ocrx_word' id='word_1_279' title='bbox 262 3103 394 3174; x_wconf 85' lang='lat' dir='ltr'>gauinius</span> <span class='ocrx_word' id='word_1_280' title='bbox 413 3105 447 3157; x_wconf 92' lang='lat' dir='ltr'><em>N</em></span> <span class='ocrx_word' id='word_1_281' title='bbox 461 3103 607 3174; x_wconf 85' lang='lat' dir='ltr'>grauinius</span> <span class='ocrx_word' id='word_1_282' title='bbox 626 3105 653 3158; x_wconf 83' lang='lat' dir='ltr'><strong><em>L</em></strong></span> <span class='ocrx_word' id='word_1_283' title='bbox 670 3107 680 3174; x_wconf 96' lang='grc'>11</span> <span class='ocrx_word' id='word_1_284' title='bbox 705 3110 721 3158; x_wconf 82' lang='grc'>9</span> <span class='ocrx_word' id='word_1_285' title='bbox 740 3104 805 3158; x_wconf 86' lang='lat' dir='ltr'>silla</span> <span class='ocrx_word' id='word_1_286' title='bbox 818 3105 845 3159; x_wconf 82' lang='lat' dir='ltr'><strong><em>L</em></strong></span> <span class='ocrx_word' id='word_1_287' title='bbox 861 3107 866 3173; x_wconf 97' lang='grc'>1</span> <span class='ocrx_word' id='word_1_288' title='bbox 880 3105 1030 3174; x_wconf 87' lang='lat' dir='ltr'>pompeius</span> <span class='ocrx_word' id='word_1_289' title='bbox 1049 3121 1112 3160; x_wconf 89' lang='lat' dir='ltr'>uero</span> 
     </span>
     <span class='ocr_line' id='line_1_34' title="bbox 96 3175 1110 3245; baseline 0.001 -15"><span class='ocrx_word' id='word_1_290' title='bbox 96 3180 156 3244; x_wconf 91' lang='lat' dir='ltr'>(om.</span> <span class='ocrx_word' id='word_1_291' title='bbox 177 3175 284 3244; x_wconf 84' lang='lat' dir='ltr'>strabo)</span> <span class='ocrx_word' id='word_1_292' title='bbox 302 3177 331 3230; x_wconf 94' lang='grc' dir='ltr'><em>Β</em></span> <span class='ocrx_word' id='word_1_293' title='bbox 354 3178 364 3245; x_wconf 95' lang='grc'>11</span> <span class='ocrx_word' id='word_1_294' title='bbox 387 3181 421 3228; x_wconf 88' lang='grc'>10</span> <span class='ocrx_word' id='word_1_295' title='bbox 444 3175 513 3229; x_wconf 87' lang='lat' dir='ltr'>fecit</span> <span class='ocrx_word' id='word_1_296' title='bbox 535 3194 585 3230; x_wconf 91' lang='lat' dir='ltr'>om.</span> <span class='ocrx_word' id='word_1_297' title='bbox 605 3176 639 3229; x_wconf 92' lang='lat' dir='ltr'><em>N</em></span> <span class='ocrx_word' id='word_1_298' title='bbox 657 3177 667 3245; x_wconf 95' lang='grc'>11</span> <span class='ocrx_word' id='word_1_299' title='bbox 690 3181 722 3229; x_wconf 95' lang='grc'>11</span> <span class='ocrx_word' id='word_1_300' title='bbox 743 3192 829 3244; x_wconf 90' lang='lat' dir='ltr'>quam</span> <span class='ocrx_word' id='word_1_301' title='bbox 847 3175 901 3229; x_wconf 87' lang='lat' dir='ltr'>hac</span> <span class='ocrx_word' id='word_1_302' title='bbox 920 3175 1110 3231; x_wconf 89' lang='lat' dir='ltr'>euersioneB</span> 
     </span>
     <span class='ocr_line' id='line_1_35' title="bbox 96 3245 1109 3320; baseline 0.002 -22"><span class='ocrx_word' id='word_1_303' title='bbox 96 3264 181 3312; x_wconf 90' lang='lat' dir='ltr'>quam</span> <span class='ocrx_word' id='word_1_304' title='bbox 200 3247 289 3300; x_wconf 90' lang='lat' dir='ltr'>asculi</span> <span class='ocrx_word' id='word_1_305' title='bbox 308 3245 408 3320; x_wconf 71' lang='lat' dir='ltr'>(qsculi</span> <span class='ocrx_word' id='word_1_306' title='bbox 426 3247 462 3315; x_wconf 93' lang='lat' dir='ltr'>L)</span> <span class='ocrx_word' id='word_1_307' title='bbox 482 3245 627 3301; x_wconf 89' lang='lat' dir='ltr'>euersione</span> <span class='ocrx_word' id='word_1_308' title='bbox 648 3247 671 3301; x_wconf 80' lang='lat'><strong><em>0</em></strong></span> <span class='ocrx_word' id='word_1_309' title='bbox 690 3248 699 3316; x_wconf 97' lang='grc'>11</span> <span class='ocrx_word' id='word_1_310' title='bbox 723 3252 755 3300; x_wconf 78' lang='lat'>12</span> <span class='ocrx_word' id='word_1_311' title='bbox 776 3246 830 3300; x_wconf 90' lang='lat' dir='ltr'>diis</span> <span class='ocrx_word' id='word_1_312' title='bbox 849 3246 909 3301; x_wconf 87' lang='lat' dir='ltr'>BL</span> <span class='ocrx_word' id='word_1_313' title='bbox 932 3246 1109 3317; x_wconf 88' lang='lat' dir='ltr'>(Vtcumque</span> 
     </span>
     <span class='ocr_line' id='line_1_36' title="bbox 95 3316 1109 3388; baseline 0.005 -19"><span class='ocrx_word' id='word_1_314' title='bbox 95 3319 176 3372; x_wconf 87' lang='lat' dir='ltr'>im&#39;tio</span> <span class='ocrx_word' id='word_1_315' title='bbox 191 3321 316 3388; x_wconf 80' lang='lat' dir='ltr'>proximi</span> <span class='ocrx_word' id='word_1_316' title='bbox 329 3319 430 3388; x_wconf 83' lang='lat' dir='ltr'>capitis</span> <span class='ocrx_word' id='word_1_317' title='bbox 446 3317 515 3371; x_wconf 82' lang='lat' dir='ltr'>Old</span> <span class='ocrx_word' id='word_1_318' title='bbox 530 3316 772 3386; x_wconf 83' lang='lat' dir='ltr'>qualitercumque</span> <span class='ocrx_word' id='word_1_319' title='bbox 786 3318 887 3372; x_wconf 77' lang='lat' dir='ltr'>ibidem</span> <span class='ocrx_word' id='word_1_320' title='bbox 900 3318 940 3372; x_wconf 92' lang='lat' dir='ltr'>B:</span> <span class='ocrx_word' id='word_1_321' title='bbox 954 3319 1010 3374; x_wconf 82' lang='lat' dir='ltr'>buc</span> <span class='ocrx_word' id='word_1_322' title='bbox 1024 3326 1109 3374; x_wconf 83' lang='lat' dir='ltr'>tram-</span> 
     </span>
     <span class='ocr_line' id='line_1_37' title="bbox 101 3388 1109 3460; baseline 0.004 -19"><span class='ocrx_word' id='word_1_323' title='bbox 101 3391 187 3443; x_wconf 66' lang='lat' dir='ltr'>romu</span> <span class='ocrx_word' id='word_1_324' title='bbox 204 3391 334 3459; x_wconf 75' lang='lat' dir='ltr'>Isipsiue,</span> <span class='ocrx_word' id='word_1_325' title='bbox 353 3392 387 3456; x_wconf 82' lang='lat' dir='ltr'>cf.</span> <span class='ocrx_word' id='word_1_326' title='bbox 401 3407 429 3457; x_wconf 82' lang='lat' dir='ltr'>p.</span> <span class='ocrx_word' id='word_1_327' title='bbox 446 3393 508 3455; x_wconf 82' lang='lat'>136,</span> <span class='ocrx_word' id='word_1_328' title='bbox 524 3395 541 3442; x_wconf 85' lang='grc'><em>6</em></span> <span class='ocrx_word' id='word_1_329' title='bbox 560 3388 712 3457; x_wconf 89' lang='lat' dir='ltr'>Hucusque</span> <span class='ocrx_word' id='word_1_330' title='bbox 730 3390 872 3458; x_wconf 82' lang='lat' dir='ltr'>Iubmus(</span> <span class='ocrx_word' id='word_1_331' title='bbox 887 3393 922 3441; x_wconf 88' lang='grc'>14</span> <span class='ocrx_word' id='word_1_332' title='bbox 940 3390 970 3442; x_wconf 91' lang='lat' dir='ltr'>et</span> <span class='ocrx_word' id='word_1_333' title='bbox 990 3389 1049 3445; x_wconf 78' lang='lat' dir='ltr'>sico</span> <span class='ocrx_word' id='word_1_334' title='bbox 1064 3389 1090 3444; x_wconf 79' lang='lat' dir='ltr'><strong><em>L</em></strong></span> <span class='ocrx_word' id='word_1_335' title='bbox 1106 3390 1109 3460; x_wconf 98' lang='grc'>1</span> 
     </span>
    </p>

    <p class='ocr_par' dir='ltr' id='par_1_6' title="bbox 133 3458 1110 3598">
     <span class='ocr_line' id='line_1_38' title="bbox 133 3458 1110 3582; baseline 0.001 -68"><span class='ocrx_word' id='word_1_336' title='bbox 133 3472 171 3582; x_wconf 53' lang='lat'>313</span> <span class='ocrx_word' id='word_1_337' title='bbox 172 3467 242 3581; x_wconf 54' lang='lat' dir='ltr'>giesi</span> <span class='ocrx_word' id='word_1_338' title='bbox 260 3460 347 3515; x_wconf 82' lang='lat' dir='ltr'>nefas.</span> <span class='ocrx_word' id='word_1_339' title='bbox 368 3477 417 3514; x_wconf 88' lang='lat' dir='ltr'>om.</span> <span class='ocrx_word' id='word_1_340' title='bbox 432 3460 460 3513; x_wconf 95' lang='grc' dir='ltr'><em>Β</em></span> <span class='ocrx_word' id='word_1_341' title='bbox 480 3460 484 3528; x_wconf 97' lang='grc'>1</span> <span class='ocrx_word' id='word_1_342' title='bbox 505 3458 616 3512; x_wconf 89' lang='lat' dir='ltr'>libertis</span> <span class='ocrx_word' id='word_1_343' title='bbox 636 3460 664 3513; x_wconf 94' lang='grc' dir='ltr'><em>Β</em></span> <span class='ocrx_word' id='word_1_344' title='bbox 686 3462 696 3529; x_wconf 94' lang='grc'>11</span> <span class='ocrx_word' id='word_1_345' title='bbox 721 3465 753 3513; x_wconf 87' lang='grc'>16</span> <span class='ocrx_word' id='word_1_346' title='bbox 772 3459 900 3529; x_wconf 85' lang='lat' dir='ltr'>gentium</span> <span class='ocrx_word' id='word_1_347' title='bbox 918 3477 969 3516; x_wconf 81' lang='lat' dir='ltr'>cua.</span> <span class='ocrx_word' id='word_1_348' title='bbox 984 3461 1023 3529; x_wconf 93' lang='lat' dir='ltr'>B,</span> <span class='ocrx_word' id='word_1_349' title='bbox 1042 3467 1072 3517; x_wconf 76' lang='lat' dir='ltr'>ut</span> <span class='ocrx_word' id='word_1_350' title='bbox 1087 3477 1110 3515; x_wconf 87' lang='lat' dir='ltr'>r.</span> 
     </span>
     <span class='ocr_line' id='line_1_39' title="bbox 190 3535 250 3598; baseline -0.033 -13"><span class='ocrx_word' id='word_1_351' title='bbox 190 3535 250 3598; x_wconf 81' lang='lat'>,21</span> 
     </span>
    </p>
   </div>
   <div class='ocr_carea' id='block_1_6' title="bbox 0 0 1198 3922">
    <p class='ocr_par' dir='ltr' id='par_1_7' title="bbox 0 0 1198 3922">
     <span class='ocr_line' id='line_1_40' title="bbox 0 0 1198 3922; baseline 0 0"><span class='ocrx_word' id='word_1_352' title='bbox 0 0 1198 3922; x_wconf 95' lang='lat' dir='ltr'> </span> 
     </span>
    </p>
   </div>
  </div>
 </body>
</html>
