2386 3922
400 188 603 239 PRAEFATIO
623 187 792 241 EDITORIS
1036 188 1102 243 XIII

89 370 219 429 quarum
247 352 362 428 primae
385 356 506 413 tantum
530 357 668 430 superest
689 356 726 412 ut
748 373 815 413 eam
837 356 886 416 vel
907 357 927 414 b
949 358 998 418 vel
1022 359 1032 415 l
1054 359 1103 418 vel

89 443 106 498 b
129 440 224 501 fuisse
246 444 352 518 pateat
373 461 434 501 non
456 447 475 520 t,
498 445 535 501 ut
557 442 682 500 Iahnius
704 445 803 518 putat.
848 463 941 520 quare
963 446 1010 504 bic
1032 447 1103 506 sori·

89 529 221 589 bendum
240 533 366 590 estnon
385 535 453 590 tum.
489 550 593 591 eorum
611 550 683 592 vero
702 549 780 607 quae
799 531 837 590 ad
856 533 1103 611 orthographiam

87 619 241 694 pertinent
272 619 404 678 maxima
436 623 484 679 est
515 621 609 696 copia.
656 622 791 679 attamen
818 619 958 681 Halmius
988 624 1041 682 ubi
1072 625 1104 683 in

87 709 202 767 rasuris
234 709 324 784 plura
353 708 458 769 Iahnio
487 709 545 768 sibi
574 709 738 785 disperisse
764 708 925 770 ridebatur
951 711 1103 771 interdum

88 797 211 858 erravit.
256 798 342 857 velut
368 818 397 873 p.
417 799 469 870 47,
490 800 508 857 5
532 803 602 874 post
630 799 760 857 buteone
782 792 927 876 (Buteone
949 798 975 858 B
999 819 1103 860 secun-

88 888 161 945 dum
183 877 355 965 Halmium)
379 905 439 945 non
463 904 492 945 cs
515 904 635 945 erasum
659 889 705 945 est
723 886 776 945 sed
798 905 840 962 ηις
871 908 900 963 p.
921 890 971 964 54,
992 893 1032 948 12
1056 908 1103 948 ra-

87 994 160 1034 sura
187 976 219 1033 in
249 994 309 1052 qua
335 975 462 1033 ultimae
489 978 552 1034 tres
578 975 700 1034 litterae
728 975 809 1036 vocis
838 993 926 1035 caras
957 978 1104 1054 leguntur

86 1084 148 1123 non
175 1067 264 1123 tanta
292 1067 338 1123 est
366 1065 401 1122 ut
428 1064 460 1121 in
488 1082 523 1122 ea
547 1064 754 1135 etiamtiam,
782 1066 863 1140 quod
885 1064 1026 1125 Halmius
1049 1068 1103 1126 ad-

87 1153 221 1211 dendum
254 1170 318 1211 esse
350 1152 475 1230 conicit,
511 1153 658 1229 scriptum
690 1170 754 1212 esse
785 1153 937 1230 potuerit3
974 1155 1102 1232 denique

86 1262 117 1318 p.
138 1243 193 1319 84,
219 1243 237 1301 5
265 1240 406 1300 Halmius
436 1260 496 1301 non
529 1242 683 1318 perspexit
710 1261 817 1301 rasura
843 1245 913 1319 post
940 1245 1046 1317 quippe
1072 1244 1103 1303 id

87 1331 190 1407 ipsum
212 1330 402 1407 vocabulum,
431 1330 511 1406 quod
533 1331 675 1389 librarius
698 1349 752 1406 per
776 1349 907 1390 errorem
930 1333 1103 1411 repetierat,

88 1419 224 1478 deletum
248 1437 320 1478 esse.

155 1508 184 1566 A
207 1508 424 1585 Bambergensi
447 1508 548 1568 codice
571 1507 617 1567 ita
640 1508 811 1584 discrepant
834 1511 926 1568 ceteri
953 1514 1103 1587 quotquot

88 1599 223 1656 aetatem
240 1598 379 1656 tulerunt
397 1596 482 1655 Flori
503 1597 575 1655 libri
596 1617 689 1656 manu
708 1597 812 1673 scripti
830 1601 867 1656 ut
885 1598 982 1657 eidem
1001 1617 1102 1658 omnes

89 1687 225 1745 familiae
252 1686 407 1745 tribuendi
435 1686 503 1744 sint.
550 1705 566 1744 θ
595 1705 723 1762 quorum
746 1704 872 1747 numero
896 1688 969 1747 satis
992 1707 1102 1765 magno

90 1775 320 1852 antiquissimus
344 1776 390 1833 est
413 1773 608 1832 Palatinus
631 1774 785 1834 Latinus
809 1778 873 1836 894
897 1768 957 1858 (Ν)
981 1777 1052 1837 olim
1071 1778 1103 1835 in
1118 1799 1139 1837 u

88 1863 274 1923 bibliotheca
296 1863 472 1922 monasterii
498 1863 582 1921 beati
607 1863 728 1922 Nazarii
750 1864 1012 1925 Laurishamensis
1042 1885 1102 1925 ser-

88 1955 179 2011 vatus
202 1953 330 2029 ideoque
360 1954 431 2028 post
454 1951 637 2011 Salmasium
659 1970 677 2010 a
699 1952 773 2012 viris
797 1953 893 2013 doctis
915 1955 1103 2014 Nazarianus

88 2044 292 2117 nuncupatus.
318 2060 409 2118 quem
428 2059 497 2100 oum
516 2036 625 2100 ‘musei
639 2036 789 2099 Rhenani'
803 2043 862 2102 rol.
873 2042 970 2100 XLIV
985 2034 1102 2124 (1889)

88 2150 119 2206 p.
145 2133 186 2190 66
203 2149 245 2207 sq.
278 2129 448 2189 accuratius
481 2129 702 2207 descripserim,
735 2130 874 2207 graviora
906 2134 1028 2190 tantum
1054 2133 1103 2191 hic

87 2221 234 2295 repetam.
281 2220 422 2277 exaratus
455 2218 552 2296 igitur
584 2221 630 2277 est
662 2219 783 2277 saeculo
815 2238 894 2278 nono
925 2220 1024 2280 medio
1054 2222 1103 2282 vel

90 2311 218 2367 exeunte
236 2308 268 2366 in
288 2306 497 2384 quadrantalis
516 2307 630 2366 formae
648 2298 737 2387 (035
753 2315 796 2367 ><
810 2299 900 2386 0,17)
920 2308 1102 2367 membranis

86 2397 196 2456 crassis
219 2399 251 2456 et
272 2395 388 2455 luridis.
431 2397 588 2456 columnae
612 2401 684 2454 sunt
706 2395 853 2472 singulae,
876 2413 981 2455 versus
1004 2397 1103 2456 viceni

89 2486 183 2562 quini.
225 2488 377 2545 correctus
400 2488 447 2544 est
468 2485 600 2561 primum
622 2503 716 2545 manu
741 2483 843 2544 eadem
867 2477 942 2566 (Nl)
966 2488 996 2544 et
1019 2485 1102 2544 adhi-
1117 2511 1147 2548 m

88 2574 161 2651 bito,
185 2578 220 2633 ut
243 2575 373 2653 videtur,
397 2574 560 2651 archetypo
584 2576 639 2632 aut
660 2573 740 2633 inter
763 2573 954 2632 scribendum
977 2579 1031 2634 aut
1050 2575 1102 2633 ab·

88 2665 189 2722 soluto
213 2664 328 2739 codice,
356 2682 425 2721 cum
454 2663 569 2740 primae
592 2663 713 2721 litterae
738 2665 769 2722 et
791 2665 1024 2740 quaternionum
1048 2685 1102 2722 nu-

88 2752 165 2810 meri
189 2754 357 2810 atramento
380 2753 509 2813 fusciore
533 2751 723 2810 adderentur.
753 2771 851 2829 aqua
867 2772 960 2812 manu
978 2753 1102 2812 Iahnius

88 2859 178 2916 saepe
210 2860 271 2899 non
299 2840 436 2900 distinxit
464 2860 589 2900 manum
612 2840 774 2899 secundam
797 2842 911 2900 saeculi
933 2841 1102 2902 duodecimi

89 2921 174 3008 (w),
194 2949 270 3006 quae
289 2930 371 2988 leves
388 2929 534 3005 quosdam
553 2947 666 2988 errores
686 2929 866 3007 emendavit,
884 2932 981 2989 multo
1000 2933 1102 2987 tamen
1118 2953 1149 2992 rc

88 3019 211 3094 saepius
239 3036 328 3077 sanas
356 3019 404 3078 vel
427 3017 630 3078 levidensibus
653 3016 737 3078 vitiis
760 3017 934 3078 laborantes
957 3018 1101 3077 lectiones

88 3107 232 3183 corrupit.
279 3106 365 3166 cuius
394 3106 438 3164 rei
460 3125 556 3164 unum
581 3104 714 3166 sufficiat
741 3108 927 3183 exemplum:
960 3127 990 3181 p.
1010 3108 1100 3177 82,o

89 3215 160 3254 cum
181 3196 211 3254 N
233 3199 367 3270 flagrares
393 3195 425 3253 in
453 3196 513 3267 tre
540 3195 622 3254 olcas
644 3196 837 3268 mutavisset,
864 3187 906 3252 Ν2
929 3194 973 3253 ita
1001 3195 1102 3253 locum

87 3286 297 3361 pessumdedit
316 3287 351 3343 ut
369 3285 416 3342 cel
434 3285 503 3342 dire
521 3283 617 3342 clades
634 3283 820 3343 adscriberet
828 3275 861 3362 ¹).
891 3282 970 3341 hunc
988 3284 1101 3342 librum

162 3419 188 3486 1)
210 3417 241 3470 in
267 3416 400 3486 periocha
429 3413 502 3470 Livii
532 3417 612 3471 sexta
639 3416 759 3471 eundem
791 3417 973 3470 correctorem
1004 3419 1101 3471 notam

88 3489 116 3542 S.
139 3489 166 3542 0.
190 3505 247 3541 non
269 3496 379 3542 secatae
402 3489 565 3556 coasultum,
590 3488 639 3541 sed
657 3489 819 3543 scandalum
841 3485 1021 3558 interpretari
1043 3488 1101 3542 iam

88 3559 149 3612 dixi
170 3559 270 3613 ‘musei
288 3558 428 3613 Rhenani'
449 3559 536 3614 XLIV
554 3561 644 3629 (1889)
664 3578 690 3629 p.
707 3565 749 3615 67.
