2386 3922
117 169 185 232 264

570 168 685 220 INDEX

119 328 157 383 il.
182 327 290 380 Varro
317 325 498 380 Terentius
525 325 601 380 bello
657 325 727 394 aput
748 322 922 392 Thapson,
950 322 1066 377 Africae
1090 341 1139 394 op-

673 395 779 465 pidum,
799 393 927 448 Caesaris
946 397 977 447 et
990 393 1139 464 Pompeia-

672 483 773 519 norum
808 464 947 534 proelium
988 464 1141 520 Pharsalia

675 536 796 606 amplius
830 542 893 604 149,
923 541 965 591 15.
1010 537 1141 607 Thapsos

673 625 814 676 nusquam
823 606 987 662 inCaesaris
995 607 1142 679 triumpho

138 397 258 469 piratico
292 397 488 451 Hadriaticum
524 414 601 450 mare

140 468 288 538 occupavit
310 473 431 536 102,18.
469 467 602 522 ulteriore

137 539 277 664 Ildgspania
300 539 386 593 cessit
409 538 522 593 Caesari
542 545 602 607 143,

122 682 272 751 Termes,
290 681 445 752 Hispaniae
460 680 603 751 oppidum,

677 685 736 748 153,
752 684 786 732 15

141 770 273 823 oppresso
297 752 419 806 Sertorio
447 752 477 805 in
502 753 604 805 Roma·
657 750 833 805 theatrum
850 749 941 803 maius
956 750 1078 805 Tarenti
1091 751 1141 804 im-

140 841 207 878 nam
226 825 310 877 fidem
328 823 407 877 venit
425 828 534 891 135,12

123 894 302 950 Terminus
318 895 386 948 deus
400 893 570 963 inaugurato
587 910 605 947 a

140 965 294 1034 Tarquinio
304 965 410 1034 templo
420 965 527 1019 restitit
537 970 579 1032 14,
589 969 604 1018 ⁷

123 1038 229 1092 Terra
261 1039 370 1090 mater
402 1053 481 1091 sacro
510 1034 606 1090 iuveni

144 1108 311 1163 oneraverat
332 1106 461 1177 frugibus
485 1107 605 1160 amictus

124 1250 207 1319 quasi
230 1249 260 1302 in
283 1249 480 1319 terrigenas
501 1249 606 1303 Fabius

144 1322 174 1375 in
197 1320 329 1375 Etruscos
354 1320 508 1375 eCiminio
532 1321 607 1374 saltu

146 1391 276 1446 detonuit
295 1398 369 1460 31,6

130 1465 374 1518 testamentum
401 1463 494 1517 Attali
517 1467 564 1532 85,
584 1468 607 1518 7.

675 821 765 875 minet
787 820 881 890 portui
905 822 942 874 ad
960 825 1142 891 prospectum

676 892 761 946 maris
776 891 900 963 positum
914 897 956 960 32,
969 899 993 948 6.
1016 893 1048 946 in
1062 894 1142 948 Pom-

676 963 786 1034 peianis
801 963 840 1017 th.
856 963 989 1017 Ponticos
1005 967 1035 1017 et
1046 966 1143 1019 Arme·

676 1035 739 1089 nios
760 1034 916 1104 triumphos
935 1035 1027 1088 Roma
1047 1039 1144 1090 canta-

677 1106 730 1160 bat
749 1111 866 1174 140,10.
902 1105 1057 1176 Pompeius
1078 1110 1144 1161 aute

678 1177 857 1230 Pharsaliam
875 1177 905 1229 in
918 1183 1060 1232 nocturna
1073 1178 1144 1232 ima-

678 1247 744 1318 gine
758 1248 860 1317 plausu
874 1249 914 1302 th.
926 1247 969 1301 sui
984 1248 1016 1302 in
1029 1250 1145 1304 modum

678 1319 810 1389 planctus
834 1318 1059 1389 circumsonatus
1084 1327 1144 1388 146,

681 1397 705 1445 2.
743 1389 856 1444 Caesari
883 1390 914 1444 in
940 1391 981 1444 th.
1009 1392 1147 1446 distincta

680 1461 768 1514 radiis
787 1478 891 1515 corona
914 1462 1029 1516 decreta
1050 1469 1114 1528 154,
1130 1469 1145 1516 3

145 1538 166 1589 t.
188 1534 315 1588 Caesaris
335 1533 461 1588 civilium
481 1536 609 1588 motuum
663 1532 956 1600 Thebas,Boeotiae
965 1534 1073 1604 urbem,
1082 1535 1148 1588 Fla-

147 1623 235 1659 causa
257 1612 320 1672 156,
337 1613 361 1659 2.
398 1608 570 1659 testamenta
593 1623 611 1659 a
681 1603 804 1657 mininus
824 1604 987 1674 conpescuit
1007 1611 1101 1675 63,16

148 1676 276 1731 Caesaris
303 1675 442 1729 militibus
471 1679 537 1729 ante
559 1695 610 1746 pu·
664 1675 865 1729 thensauris
916 1675 1003 1745 regiis
1051 1676 1147 1746 gravis

148 1765 234 1817 gnam
253 1764 316 1801 cum
329 1746 472 1800 Ariovisto
490 1746 520 1798 in
532 1754 611 1815 prin-

149 1817 230 1887 cipiis
250 1817 445 1870 scribebantur
464 1821 554 1884 108,2

128 1888 309 1942 testudine
333 1904 362 1941 se
381 1887 455 1956 tegit
472 1887 610 1943 barbarus

146 1959 176 2012 in
194 1975 291 2028 pugna
306 1957 434 2012 Caesaris
452 1976 515 2012 eum
528 1960 610 2014 Ario-

146 2029 221 2082 visto
242 2034 301 2098 108,
317 2035 332 2082 6

129 2101 297 2170 Teutana,
320 2100 481 2170 lllyriorum
502 2102 609 2172 regina,

682 1745 774 1800 Thala
792 1751 839 1815 88,
855 1752 879 1801 2.
917 1746 1035 1800 Crassus
1059 1748 1147 1817 regiis

681 1816 775 1870 inhiat
792 1817 913 1886 turn,
930 1823 971 1872 13.
1013 1820 1146 1872 thensau-

680 1905 775 1942 rorum
802 1888 926 1942 rationes
955 1890 1146 1943 continentem

682 1958 811 2012 libellum
833 1960 945 2013 Donnes
970 1959 998 2015 C.
1024 1960 1145 2028 Caesari,

681 2031 803 2154 ffigufgi
834 2031 947 2099 nepoti,
982 2035 1148 2100 porrexerat

146 2171 297 2241 imperavit
322 2175 355 2226 ut
377 2171 466 2242 legati
489 2173 610 2228 Romani
664 2172 874 2240 Theodotus,
889 2173 1027 2242 magister
1037 2177 1146 2228 auctor-

148 2243 238 2297 securi
252 2247 464 2312 percuterentur
482 2251 525 2312 51,
541 2251 554 2298 1

129 2315 365 2383 Teutobodus,
381 2315 539 2369 Teutonum
553 2332 610 2383 rex,

682 2260 736 2310 que
755 2243 825 2297 belli
843 2244 1038 2314 Alexandrini,
1057 2248 1146 2299 morte

682 2317 863 2384 consumptus
883 2321 992 2383 148,15

147 2386 258 2456 insigne
269 2386 461 2455 spectaculum
474 2386 611 2456 triumphi
665 2385 996 2455 Thermopylarum
1041 2388 1146 2441 famam

148 2457 232 2511 Marii
252 2464 344 2526 91,10

129 2528 278 2582 Teutoni
297 2529 333 2582 ab
353 2528 484 2582 extremis
500 2528 611 2583 Calliae

148 2599 261 2668 profugi
278 2605 319 2667 90,
331 2607 355 2653 6.
376 2602 478 2668 petunt
492 2603 524 2653 ut
538 2601 612 2652 Mar-

148 2669 205 2722 tius
224 2668 345 2738 populus
364 2669 473 2737 aliquid
488 2670 542 2724 sibi
557 2673 612 2724 ter-

683 2455 850 2526 Calpurnius
862 2457 991 2511 Flamma
1005 2459 1145 2526 adaequa-

683 2528 725 2581 vit
743 2527 817 2581 circa
832 2528 1074 2583 Camerinensium
1093 2530 1145 2583 sal-

682 2600 744 2651 tum
762 2605 805 2667 44,
821 2605 844 2654 6.
876 2601 945 2668 aput
959 2600 1009 2654 Th.
1030 2619 1088 2656 non
1105 2618 1146 2654 re-

684 2669 760 2723 sistit
778 2671 933 2724 Antiochus
953 2677 996 2738 66,
1011 2678 1028 2726 8

149 2756 197 2793 rae
226 2741 307 2794 daret
332 2740 413 2808 quasi
440 2740 612 2810 stipendium
666 2741 828 2794 Thermus
847 2760 872 2795 v.
893 2741 1033 2796 Minucius

151 2818 246 2879 90,10.
275 2828 327 2865 nec
347 2811 466 2879 Silanus,
485 2828 537 2865 nec
552 2813 611 2866 Ma·
666 2812 827 2865 Thessali
841 2812 1029 2883 intriumpho
1045 2816 1146 2869 Taren-

150 2882 236 2936 nilius
254 2899 306 2936 nee
324 2881 427 2951 Caepio
447 2899 543 2936 eorum
560 2883 612 2936 im·

684 2883 745 2937 tino
765 2889 857 2951 36,15

149 2957 247 3024 petum
262 2953 398 3008 sustinere
408 2956 561 3021 potuerunt
570 2961 612 3023 90,
667 2953 870 3009 Thessaliae
898 2973 961 3008 cum
989 2956 1060 3010 totis
1084 2957 1145 3012 viri·

151 3031 192 3081 15.
225 3043 275 3095 per
289 3025 375 3094 Alpes
393 3024 556 3079 ferebantur
570 3032 613 3094 90,

151 3104 192 3152 23.
232 3097 338 3151 Marius
367 3098 509 3151 Teutonas
537 3098 613 3166 apud

150 3170 247 3236 Aquas
272 3168 381 3223 Sextias
408 3167 547 3237 oppressit
570 3175 612 3236 90,

153 3245 194 3295 26.
220 3240 325 3293 sublati
341 3239 467 3293 funditus
482 3240 511 3293 T.
526 3245 613 3309 91,15

134 3310 289 3379 Thalam,
327 3310 478 3363 Numidiae
516 3310 615 3363 urbem

152 3399 267 3449 gravem
292 3383 376 3435 armis
400 3381 614 3448 thensaurisque

153 3453 318 3521 Iugurthae,
343 3453 473 3506 Metellus
497 3452 615 3520 diripuit

154 3527 227 3592 88,2

684 3025 737 3078 bus
752 3027 874 3094 Pyrrhus
894 3026 1028 3081 veniebat
1048 3034 1144 3098 3216.

686 3113 748 3150 eam
767 3096 912 3151 incurrunt
931 3097 1055 3152 Thraces
1071 3108 1113 3168 94,
1123 3105 1144 3152 4.

685 3166 715 3220 in
738 3185 772 3222 ea
793 3168 921 3223 consedit
939 3168 1047 3223 bellum
1067 3170 1147 3224 civile

687 3238 813 3293 Caesaris
837 3243 867 3293 et
889 3240 1005 3309 Pompei
1026 3248 1091 3310 139,
1108 3247 1146 3295 17.

687 3310 746 3364 eius
764 3311 882 3365 castella
896 3312 1033 3366 vastabat
1047 3313 1148 3366 Caesar

687 3388 813 3449 145,10.
855 3382 962 3452 proelio
991 3387 1105 3453 sumpta
1132 3400 1149 3436 a

687 3453 805 3507 Caesare
824 3457 854 3507 et
871 3453 1005 3522 Pompeio
1026 3461 1091 3523 145,
1107 3461 1147 3508 16,

685 3523 715 3576 in
747 3524 823 3578 bello
853 3525 1025 3594 Pompeiano
1053 3526 1149 3580 Africa
