<?xml version="1.0" encoding="UTF-8"?>
<!DOCTYPE html PUBLIC "-//W3C//DTD XHTML 1.0 Transitional//EN"
    "http://www.w3.org/TR/xhtml1/DTD/xhtml1-transitional.dtd">
<html xmlns="http://www.w3.org/1999/xhtml" xml:lang="en" lang="en">
 <head>
  <title>
</title>
<meta http-equiv="Content-Type" content="text/html;charset=utf-8" />
  <meta name='ocr-system' content='tesseract 3.04.00' />
  <meta name='ocr-capabilities' content='ocr_page ocr_carea ocr_par ocr_line ocrx_word'/>
</head>
<body>
  <div class='ocr_page' id='page_1' title='image "./lannaeifloriepi01florgoog_0066.png"; bbox 0 0 2386 3922; ppageno 0'>
   <div class='ocr_carea' id='block_1_1' title="bbox 374 192 1078 252">
    <p class='ocr_par' dir='ltr' id='par_1_1' title="bbox 374 192 1078 252">
     <span class='ocr_line' id='line_1_1' title="bbox 374 192 1078 252; baseline 0.007 -5"><span class='ocrx_word' id='word_1_1' title='bbox 374 195 577 248; x_wconf 73' lang='lat' dir='ltr'>PRAEFATIO</span> <span class='ocrx_word' id='word_1_2' title='bbox 595 197 766 250; x_wconf 78' lang='lat' dir='ltr'>EDITORIS</span> <span class='ocrx_word' id='word_1_3' title='bbox 1014 192 1078 252; x_wconf 76' lang='grc' dir='ltr'><strong>ΗΧ</strong></span> 
     </span>
    </p>
   </div>
   <div class='ocr_carea' id='block_1_2' title="bbox 10 361 1080 769">
    <p class='ocr_par' dir='ltr' id='par_1_2' title="bbox 10 361 1080 769">
     <span class='ocr_line' id='line_1_2' title="bbox 67 361 1080 440; baseline 0.003 -17"><span class='ocrx_word' id='word_1_4' title='bbox 67 365 112 423; x_wconf 91' lang='lat' dir='ltr'><strong>nis</strong></span> <span class='ocrx_word' id='word_1_5' title='bbox 148 361 317 423; x_wconf 77' lang='lat' dir='ltr'><strong>similitudo</strong></span> <span class='ocrx_word' id='word_1_6' title='bbox 353 361 434 422; x_wconf 89' lang='lat' dir='ltr'><strong>inter</strong></span> <span class='ocrx_word' id='word_1_7' title='bbox 470 380 572 422; x_wconf 88' lang='lat' dir='ltr'><strong>omnes</strong></span> <span class='ocrx_word' id='word_1_8' title='bbox 610 362 671 422; x_wconf 87' lang='lat' dir='ltr'><strong>fero</strong></span> <span class='ocrx_word' id='word_1_9' title='bbox 708 367 868 440; x_wconf 75' lang='lat' dir='ltr'>argenteae</span> <span class='ocrx_word' id='word_1_10' title='bbox 904 364 1080 426; x_wconf 80' lang='lat' dir='ltr'><strong>Latinitatis</strong></span> 
     </span>
     <span class='ocr_line' id='line_1_3' title="bbox 30 450 1078 530; baseline 0 -15"><span class='ocrx_word' id='word_1_11' title='bbox 30 454 37 515; x_wconf 81' lang='lat' dir='ltr'><strong>l</strong></span> <span class='ocrx_word' id='word_1_12' title='bbox 68 452 230 530; x_wconf 87' lang='lat' dir='ltr'><strong>scriptores</strong></span> <span class='ocrx_word' id='word_1_13' title='bbox 260 450 422 511; x_wconf 70' lang='lat' dir='ltr'><strong>intercedit</strong></span> <span class='ocrx_word' id='word_1_14' title='bbox 453 454 485 511; x_wconf 89' lang='lat' dir='ltr'><strong>et</strong></span> <span class='ocrx_word' id='word_1_15' title='bbox 514 450 610 510; x_wconf 89' lang='lat' dir='ltr'><strong>maior</strong></span> <span class='ocrx_word' id='word_1_16' title='bbox 638 451 731 510; x_wconf 86' lang='lat' dir='ltr'><strong>etiam</strong></span> <span class='ocrx_word' id='word_1_17' title='bbox 762 456 809 511; x_wconf 87' lang='lat' dir='ltr'><strong>est</strong></span> <span class='ocrx_word' id='word_1_18' title='bbox 839 452 920 512; x_wconf 90' lang='lat' dir='ltr'><strong>inter</strong></span> <span class='ocrx_word' id='word_1_19' title='bbox 951 453 1078 515; x_wconf 80' lang='lat' dir='ltr'>Senecas</span> 
     </span>
     <span class='ocr_line' id='line_1_4' title="bbox 11 522 1078 617; baseline -0.001 -14"><span class='ocrx_word' id='word_1_20' title='bbox 11 522 38 603; x_wconf 65' lang='lat' dir='ltr'><strong>‘i</strong></span> <span class='ocrx_word' id='word_1_21' title='bbox 66 545 96 602; x_wconf 89' lang='lat' dir='ltr'><strong>et</strong></span> <span class='ocrx_word' id='word_1_22' title='bbox 111 542 249 602; x_wconf 80' lang='lat' dir='ltr'><strong>Florum.</strong></span> <span class='ocrx_word' id='word_1_23' title='bbox 286 539 426 600; x_wconf 81' lang='lat' dir='ltr'><strong>Tacitum</strong></span> <span class='ocrx_word' id='word_1_24' title='bbox 445 542 548 599; x_wconf 89' lang='lat' dir='ltr'><strong>autem</strong></span> <span class='ocrx_word' id='word_1_25' title='bbox 566 539 667 616; x_wconf 90' lang='lat' dir='ltr'><strong>ipsum</strong></span> <span class='ocrx_word' id='word_1_26' title='bbox 684 541 817 617; x_wconf 89' lang='lat' dir='ltr'><strong>plurima</strong></span> <span class='ocrx_word' id='word_1_27' title='bbox 838 541 985 617; x_wconf 84' lang='lat' dir='ltr'><strong>imprimis</strong></span> <span class='ocrx_word' id='word_1_28' title='bbox 1009 561 1078 602; x_wconf 89' lang='lat' dir='ltr'><strong>eum</strong></span> 
     </span>
     <span class='ocr_line' id='line_1_5' title="bbox 10 608 1078 769; baseline 0 -79"><span class='ocrx_word' id='word_1_29' title='bbox 10 608 36 769; x_wconf 50' lang='lat'>1</span> <span class='ocrx_word' id='word_1_30' title='bbox 67 628 178 692; x_wconf 73' lang='lat' dir='ltr'><strong>Senem</strong></span> <span class='ocrx_word' id='word_1_31' title='bbox 210 628 273 689; x_wconf 89' lang='lat' dir='ltr'><strong>filio</strong></span> <span class='ocrx_word' id='word_1_32' title='bbox 300 628 473 688; x_wconf 88' lang='lat' dir='ltr'><strong>communia</strong></span> <span class='ocrx_word' id='word_1_33' title='bbox 504 628 615 687; x_wconf 89' lang='lat' dir='ltr'><strong>habere</strong></span> <span class='ocrx_word' id='word_1_34' title='bbox 643 628 849 705; x_wconf 87' lang='lat' dir='ltr'><strong>comprobavit</strong></span> <span class='ocrx_word' id='word_1_35' title='bbox 877 631 915 688; x_wconf 90' lang='lat' dir='ltr'><strong>M.</strong></span> <span class='ocrx_word' id='word_1_36' title='bbox 935 630 1078 691; x_wconf 89' lang='lat' dir='ltr'><strong>Zimmer-</strong></span> 
     </span>
    </p>
   </div>
   <div class='ocr_carea' id='block_1_3' title="bbox 10 711 1078 1062">
    <p class='ocr_par' dir='ltr' id='par_1_3' title="bbox 10 711 1078 976">
     <span class='ocr_line' id='line_1_6' title="bbox 65 711 1078 797; baseline 0 -18"><span class='ocrx_word' id='word_1_37' title='bbox 65 737 191 779; x_wconf 86' lang='lat' dir='ltr'><strong>mannus</strong></span> <span class='ocrx_word' id='word_1_38' title='bbox 214 717 355 796; x_wconf 79' lang='lat' dir='ltr'><strong>diligenti</strong></span> <span class='ocrx_word' id='word_1_39' title='bbox 377 717 628 777; x_wconf 84' lang='lat' dir='ltr'><strong>commentatione</strong></span> <span class='ocrx_word' id='word_1_40' title='bbox 658 711 706 776; x_wconf 76' lang='lat' dir='ltr'><strong>‘de</strong></span> <span class='ocrx_word' id='word_1_41' title='bbox 729 718 835 778; x_wconf 84' lang='lat' dir='ltr'><strong>Tacito</strong></span> <span class='ocrx_word' id='word_1_42' title='bbox 860 717 990 779; x_wconf 85' lang='lat' dir='ltr'><strong>Senecae</strong></span> <span class='ocrx_word' id='word_1_43' title='bbox 1012 721 1078 797; x_wconf 93' lang='lat' dir='ltr'><strong>phi·</strong></span> 
     </span>
     <span class='ocr_line' id='line_1_7' title="bbox 66 797 1077 887; baseline 0.002 -20.899"><span class='ocrx_word' id='word_1_44' title='bbox 66 808 181 886; x_wconf 89' lang='lat' dir='ltr'><strong>losophi</strong></span> <span class='ocrx_word' id='word_1_45' title='bbox 216 799 383 866; x_wconf 88' lang='lat' dir='ltr'><strong>imitatore&#39;</strong></span> <span class='ocrx_word' id='word_1_46' title='bbox 419 806 532 883; x_wconf 88' lang='lat' dir='ltr'><strong>scripta</strong></span> <span class='ocrx_word' id='word_1_47' title='bbox 569 797 757 887; x_wconf 76' lang='lat' dir='ltr'><strong>(‘Breslauer</strong></span> <span class='ocrx_word' id='word_1_48' title='bbox 792 807 896 884; x_wconf 91' lang='lat' dir='ltr'><strong>philol.</strong></span> <span class='ocrx_word' id='word_1_49' title='bbox 937 808 1077 868; x_wconf 87' lang='lat' dir='ltr'><strong>Abhand-</strong></span> 
     </span>
     <span class='ocr_line' id='line_1_8' title="bbox 10 887 305 976; baseline -0.003 -20"><span class='ocrx_word' id='word_1_50' title='bbox 10 896 31 947; x_wconf 67' lang='grc' dir='ltr'><strong>*ἶ</strong></span> <span class='ocrx_word' id='word_1_51' title='bbox 66 890 189 973; x_wconf 83' lang='lat' dir='ltr'><strong>lungen’</strong></span> <span class='ocrx_word' id='word_1_52' title='bbox 213 895 241 953; x_wconf 89' lang='lat' dir='ltr'><strong>V</strong></span> <span class='ocrx_word' id='word_1_53' title='bbox 261 887 305 976; x_wconf 90' lang='lat'><strong>1).</strong></span> 
     </span>
    </p>

    <p class='ocr_par' dir='ltr' id='par_1_4' title="bbox 10 983 1077 1062">
     <span class='ocr_line' id='line_1_9' title="bbox 127 983 1077 1062; baseline -0.002 -15.219"><span class='ocrx_word' id='word_1_54' title='bbox 127 985 233 1045; x_wconf 88' lang='lat' dir='ltr'><strong>Pauca</strong></span> <span class='ocrx_word' id='word_1_55' title='bbox 270 983 307 1043; x_wconf 93' lang='lat' dir='ltr'><strong>de</strong></span> <span class='ocrx_word' id='word_1_56' title='bbox 338 983 394 1042; x_wconf 91' lang='lat' dir='ltr'><strong>hac</strong></span> <span class='ocrx_word' id='word_1_57' title='bbox 427 983 559 1043; x_wconf 89' lang='lat' dir='ltr'><strong>editione</strong></span> <span class='ocrx_word' id='word_1_58' title='bbox 591 983 716 1043; x_wconf 88' lang='lat' dir='ltr'><strong>dicenda</strong></span> <span class='ocrx_word' id='word_1_59' title='bbox 747 988 872 1044; x_wconf 88' lang='lat' dir='ltr'><strong>restent.</strong></span> <span class='ocrx_word' id='word_1_60' title='bbox 918 989 1008 1062; x_wconf 89' lang='lat' dir='ltr'><strong>atque</strong></span> <span class='ocrx_word' id='word_1_61' title='bbox 1040 986 1077 1045; x_wconf 93' lang='lat' dir='ltr'><strong>de</strong></span> 
     </span>
    </p>
   </div>
   <div class='ocr_carea' id='block_1_4' title="bbox 10 1072 1181 2839">
    <p class='ocr_par' dir='ltr' id='par_1_5' title="bbox 10 1072 1077 1153">
     <span class='ocr_line' id='line_1_10' title="bbox 62 1072 1077 1152; baseline -0.001 -18.049"><span class='ocrx_word' id='word_1_62' title='bbox 62 1074 149 1134; x_wconf 82' lang='lat' dir='ltr'><strong>libris</strong></span> <span class='ocrx_word' id='word_1_63' title='bbox 177 1073 300 1152; x_wconf 89' lang='lat' dir='ltr'><strong>quidem</strong></span> <span class='ocrx_word' id='word_1_64' title='bbox 326 1091 419 1131; x_wconf 90' lang='lat' dir='ltr'><strong>mana</strong></span> <span class='ocrx_word' id='word_1_65' title='bbox 446 1072 567 1149; x_wconf 91' lang='lat' dir='ltr'><strong>scriptis</strong></span> <span class='ocrx_word' id='word_1_66' title='bbox 593 1078 624 1131; x_wconf 92' lang='lat' dir='ltr'><strong>et</strong></span> <span class='ocrx_word' id='word_1_67' title='bbox 647 1091 722 1150; x_wconf 90' lang='lat' dir='ltr'><strong>quas</strong></span> <span class='ocrx_word' id='word_1_68' title='bbox 746 1077 778 1132; x_wconf 86' lang='lat' dir='ltr'><strong>et</strong></span> <span class='ocrx_word' id='word_1_69' title='bbox 801 1073 949 1150; x_wconf 90' lang='lat' dir='ltr'><strong>quomode</strong></span> <span class='ocrx_word' id='word_1_70' title='bbox 974 1093 1077 1133; x_wconf 85' lang='lat' dir='ltr'><strong>eorum</strong></span> 
     </span>
    </p>

    <p class='ocr_par' dir='ltr' id='par_1_6' title="bbox 10 1160 1076 1240">
     <span class='ocr_line' id='line_1_11' title="bbox 10 1160 1076 1240; baseline 0.002 -19"><span class='ocrx_word' id='word_1_71' title='bbox 10 1164 26 1221; x_wconf 61' lang='lat' dir='ltr'>ff</span> <span class='ocrx_word' id='word_1_72' title='bbox 63 1163 211 1223; x_wconf 89' lang='lat' dir='ltr'><strong>lectiones</strong></span> <span class='ocrx_word' id='word_1_73' title='bbox 232 1161 265 1221; x_wconf 92' lang='lat' dir='ltr'><strong>in</strong></span> <span class='ocrx_word' id='word_1_74' title='bbox 288 1164 470 1240; x_wconf 88' lang='lat' dir='ltr'><strong>apparatum</strong></span> <span class='ocrx_word' id='word_1_75' title='bbox 493 1160 631 1220; x_wconf 86' lang='lat' dir='ltr'><strong>criticum</strong></span> <span class='ocrx_word' id='word_1_76' title='bbox 653 1162 816 1239; x_wconf 88' lang='lat' dir='ltr'><strong>receperim</strong></span> <span class='ocrx_word' id='word_1_77' title='bbox 835 1180 927 1238; x_wconf 89' lang='lat' dir='ltr'><strong>supra</strong></span> <span class='ocrx_word' id='word_1_78' title='bbox 945 1164 1076 1238; x_wconf 85' lang='lat' dir='ltr'><strong>exposui.</strong></span> 
     </span>
    </p>

    <p class='ocr_par' dir='ltr' id='par_1_7' title="bbox 10 1243 1078 1332">
     <span class='ocr_line' id='line_1_12' title="bbox 10 1243 1078 1332; baseline -0.001 -20"><span class='ocrx_word' id='word_1_79' title='bbox 10 1246 15 1299; x_wconf 76' lang='grc' dir='ltr'>ἶ</span> <span class='ocrx_word' id='word_1_80' title='bbox 62 1252 111 1312; x_wconf 91' lang='lat' dir='ltr'><strong>hic</strong></span> <span class='ocrx_word' id='word_1_81' title='bbox 135 1256 240 1312; x_wconf 61' lang='lat' dir='ltr'><strong>umen</strong></span> <span class='ocrx_word' id='word_1_82' title='bbox 262 1250 431 1310; x_wconf 89' lang='lat' dir='ltr'><strong>addendum</strong></span> <span class='ocrx_word' id='word_1_83' title='bbox 459 1253 506 1310; x_wconf 90' lang='lat' dir='ltr'><strong>est</strong></span> <span class='ocrx_word' id='word_1_84' title='bbox 535 1249 588 1308; x_wconf 90' lang='lat' dir='ltr'><strong>ubi</strong></span> <span class='ocrx_word' id='word_1_85' title='bbox 610 1249 755 1310; x_wconf 88' lang='lat' dir='ltr'><strong>librorum</strong></span> <span class='ocrx_word' id='word_1_86' title='bbox 779 1243 918 1332; x_wconf 87' lang='lat' dir='ltr'>B(I)NL</span> <span class='ocrx_word' id='word_1_87' title='bbox 942 1252 1078 1313; x_wconf 90' lang='lat' dir='ltr'><strong>diversae</strong></span> 
     </span>
    </p>

    <p class='ocr_par' dir='ltr' id='par_1_8' title="bbox 10 1336 1181 2839">
     <span class='ocr_line' id='line_1_13' title="bbox 10 1336 1077 1418; baseline 0 -18"><span class='ocrx_word' id='word_1_88' title='bbox 10 1336 12 1355; x_wconf 82' lang='lat'><strong>²</strong></span> <span class='ocrx_word' id='word_1_89' title='bbox 61 1341 232 1418; x_wconf 81' lang='lat' dir='ltr'><strong>scripturae</strong></span> <span class='ocrx_word' id='word_1_90' title='bbox 264 1358 324 1399; x_wconf 90' lang='lat' dir='ltr'><strong>non</strong></span> <span class='ocrx_word' id='word_1_91' title='bbox 354 1339 522 1398; x_wconf 86' lang='lat' dir='ltr'><strong>afferantur</strong></span> <span class='ocrx_word' id='word_1_92' title='bbox 549 1357 599 1398; x_wconf 92' lang='lat' dir='ltr'><strong>eos</strong></span> <span class='ocrx_word' id='word_1_93' title='bbox 627 1357 696 1398; x_wconf 89' lang='lat' dir='ltr'><strong>cum</strong></span> <span class='ocrx_word' id='word_1_94' title='bbox 723 1339 904 1399; x_wconf 88' lang='lat' dir='ltr'><strong>lectionibus</strong></span> <span class='ocrx_word' id='word_1_95' title='bbox 932 1340 963 1399; x_wconf 92' lang='lat' dir='ltr'><strong>in</strong></span> <span class='ocrx_word' id='word_1_96' title='bbox 990 1345 1077 1400; x_wconf 84' lang='lat' dir='ltr'><strong>textu</strong></span> 
     </span>
     <span class='ocr_line' id='line_1_14' title="bbox 61 1427 1076 1507; baseline -0.001 -17"><span class='ocrx_word' id='word_1_97' title='bbox 61 1429 173 1507; x_wconf 88' lang='lat' dir='ltr'><strong>positis</strong></span> <span class='ocrx_word' id='word_1_98' title='bbox 199 1446 365 1506; x_wconf 79' lang='lat' dir='ltr'><strong>congruere</strong></span> <span class='ocrx_word' id='word_1_99' title='bbox 393 1427 618 1504; x_wconf 88' lang='lat' dir='ltr'><strong>scripturasque</strong></span> <span class='ocrx_word' id='word_1_100' title='bbox 645 1427 678 1486; x_wconf 94' lang='lat' dir='ltr'><strong>in</strong></span> <span class='ocrx_word' id='word_1_101' title='bbox 704 1428 898 1488; x_wconf 83' lang='lat' dir='ltr'><strong>adnotatione</strong></span> <span class='ocrx_word' id='word_1_102' title='bbox 927 1429 990 1489; x_wconf 90' lang='lat' dir='ltr'><strong>sine</strong></span> <span class='ocrx_word' id='word_1_103' title='bbox 1013 1431 1076 1490; x_wconf 92' lang='lat' dir='ltr'><strong>ullo</strong></span> 
     </span>
     <span class='ocr_line' id='line_1_15' title="bbox 60 1515 1078 1598; baseline 0 -20"><span class='ocrx_word' id='word_1_104' title='bbox 60 1519 151 1598; x_wconf 83' lang='lat' dir='ltr'><strong>aigne</strong></span> <span class='ocrx_word' id='word_1_105' title='bbox 174 1517 291 1594; x_wconf 87' lang='lat' dir='ltr'><strong>positas</strong></span> <span class='ocrx_word' id='word_1_106' title='bbox 313 1516 411 1576; x_wconf 84' lang='lat' dir='ltr'><strong>tribus</strong></span> <span class='ocrx_word' id='word_1_107' title='bbox 428 1516 490 1576; x_wconf 87' lang='lat' dir='ltr'><strong>illie</strong></span> <span class='ocrx_word' id='word_1_108' title='bbox 509 1515 662 1576; x_wconf 90' lang='lat' dir='ltr'><strong>codicibus</strong></span> <span class='ocrx_word' id='word_1_109' title='bbox 681 1517 831 1593; x_wconf 88' lang='lat' dir='ltr'><strong>primariis</strong></span> <span class='ocrx_word' id='word_1_110' title='bbox 850 1517 977 1595; x_wconf 87' lang='lat' dir='ltr'><strong>aliisque</strong></span> <span class='ocrx_word' id='word_1_111' title='bbox 996 1519 1078 1578; x_wconf 91' lang='lat' dir='ltr'><strong>haud</strong></span> 
     </span>
     <span class='ocr_line' id='line_1_16' title="bbox 58 1604 1167 1685; baseline 0.005 -18"><span class='ocrx_word' id='word_1_112' title='bbox 58 1607 169 1685; x_wconf 87' lang='lat' dir='ltr'><strong>paucis</strong></span> <span class='ocrx_word' id='word_1_113' title='bbox 186 1623 360 1666; x_wconf 90' lang='lat' dir='ltr'><strong>communes</strong></span> <span class='ocrx_word' id='word_1_114' title='bbox 378 1623 452 1665; x_wconf 87' lang='lat' dir='ltr'><strong>esse.</strong></span> <span class='ocrx_word' id='word_1_115' title='bbox 483 1606 564 1682; x_wconf 90' lang='lat' dir='ltr'><strong>quod</strong></span> <span class='ocrx_word' id='word_1_116' title='bbox 582 1604 621 1664; x_wconf 93' lang='lat' dir='ltr'><strong>ad</strong></span> <span class='ocrx_word' id='word_1_117' title='bbox 644 1606 943 1684; x_wconf 84' lang='lat' dir='ltr'><strong>orthographiam</strong></span> <span class='ocrx_word' id='word_1_118' title='bbox 966 1609 1078 1667; x_wconf 88' lang='lat' dir='ltr'><strong>attinet</strong></span> <span class='ocrx_word' id='word_1_119' title='bbox 1092 1631 1167 1672; x_wconf 72' lang='lat' dir='ltr'><strong>orno-</strong></span> 
     </span>
     <span class='ocr_line' id='line_1_17' title="bbox 58 1685 1181 1773; baseline -0.001 -17"><span class='ocrx_word' id='word_1_120' title='bbox 58 1715 130 1756; x_wconf 87' lang='lat' dir='ltr'><strong>eam</strong></span> <span class='ocrx_word' id='word_1_121' title='bbox 152 1694 229 1755; x_wconf 92' lang='lat' dir='ltr'><strong>mihi</strong></span> <span class='ocrx_word' id='word_1_122' title='bbox 251 1695 350 1773; x_wconf 89' lang='lat' dir='ltr'><strong>legem</strong></span> <span class='ocrx_word' id='word_1_123' title='bbox 372 1694 478 1770; x_wconf 86' lang='lat' dir='ltr'><strong>scripsi</strong></span> <span class='ocrx_word' id='word_1_124' title='bbox 502 1696 537 1753; x_wconf 88' lang='lat' dir='ltr'><strong>ut</strong></span> <span class='ocrx_word' id='word_1_125' title='bbox 557 1695 832 1754; x_wconf 86' lang='lat' dir='ltr'><strong>vetustissimorum</strong></span> <span class='ocrx_word' id='word_1_126' title='bbox 851 1696 996 1755; x_wconf 90' lang='lat' dir='ltr'><strong>librorum</strong></span> <span class='ocrx_word' id='word_1_127' title='bbox 1017 1685 1181 1755; x_wconf 76' lang='lat' dir='ltr'><strong>BN⁸¹⁸1³¹¹¹·</strong></span> 
     </span>
     <span class='ocr_line' id='line_1_18' title="bbox 60 1782 1079 1863; baseline 0 -18"><span class='ocrx_word' id='word_1_128' title='bbox 60 1784 202 1863; x_wconf 85' lang='lat' dir='ltr'><strong>vestigiis</strong></span> <span class='ocrx_word' id='word_1_129' title='bbox 216 1783 269 1843; x_wconf 87' lang='lat' dir='ltr'><strong>ubi</strong></span> <span class='ocrx_word' id='word_1_130' title='bbox 283 1801 402 1860; x_wconf 88' lang='lat' dir='ltr'><strong>possem</strong></span> <span class='ocrx_word' id='word_1_131' title='bbox 413 1782 592 1857; x_wconf 82' lang='lat' dir='ltr'><strong>insisterem,</strong></span> <span class='ocrx_word' id='word_1_132' title='bbox 607 1801 675 1842; x_wconf 89' lang='lat' dir='ltr'><strong>cum</strong></span> <span class='ocrx_word' id='word_1_133' title='bbox 685 1785 867 1844; x_wconf 88' lang='lat' dir='ltr'><strong>recentiores</strong></span> <span class='ocrx_word' id='word_1_134' title='bbox 882 1804 1079 1862; x_wconf 88' lang='lat' dir='ltr'><strong>quaecunque</strong></span> 
     </span>
     <span class='ocr_line' id='line_1_19' title="bbox 60 1871 1079 1951; baseline 0 -18"><span class='ocrx_word' id='word_1_135' title='bbox 60 1875 110 1933; x_wconf 89' lang='lat' dir='ltr'><strong>illi</strong></span> <span class='ocrx_word' id='word_1_136' title='bbox 139 1872 308 1951; x_wconf 89' lang='lat' dir='ltr'><strong>singularia</strong></span> <span class='ocrx_word' id='word_1_137' title='bbox 335 1871 481 1948; x_wconf 91' lang='lat' dir='ltr'><strong>praebent</strong></span> <span class='ocrx_word' id='word_1_138' title='bbox 507 1872 569 1931; x_wconf 88' lang='lat' dir='ltr'><strong>fere</strong></span> <span class='ocrx_word' id='word_1_139' title='bbox 597 1872 847 1933; x_wconf 86' lang='lat' dir='ltr'><strong>oblitteraverint.</strong></span> <span class='ocrx_word' id='word_1_140' title='bbox 894 1893 955 1951; x_wconf 90' lang='lat' dir='ltr'><strong>qua</strong></span> <span class='ocrx_word' id='word_1_141' title='bbox 986 1875 1018 1933; x_wconf 90' lang='lat' dir='ltr'><strong>in</strong></span> <span class='ocrx_word' id='word_1_142' title='bbox 1047 1893 1079 1933; x_wconf 90' lang='lat' dir='ltr'><strong>re</strong></span> 
     </span>
     <span class='ocr_line' id='line_1_20' title="bbox 61 1960 1080 2040; baseline 0 -18"><span class='ocrx_word' id='word_1_143' title='bbox 61 1963 92 2022; x_wconf 83' lang='lat' dir='ltr'>N</span> <span class='ocrx_word' id='word_1_144' title='bbox 111 1963 289 2040; x_wconf 84' lang='lat' dir='ltr'><strong>frequenter</strong></span> <span class='ocrx_word' id='word_1_145' title='bbox 310 1960 437 2020; x_wconf 92' lang='lat' dir='ltr'><strong>meliora</strong></span> <span class='ocrx_word' id='word_1_146' title='bbox 459 1960 552 2019; x_wconf 90' lang='lat' dir='ltr'><strong>habet</strong></span> <span class='ocrx_word' id='word_1_147' title='bbox 571 1979 662 2037; x_wconf 91' lang='lat' dir='ltr'><strong>quam</strong></span> <span class='ocrx_word' id='word_1_148' title='bbox 680 1963 714 2037; x_wconf 83' lang='lat' dir='ltr'><strong>B,</strong></span> <span class='ocrx_word' id='word_1_149' title='bbox 738 1963 849 2039; x_wconf 88' lang='lat' dir='ltr'><strong>quippe</strong></span> <span class='ocrx_word' id='word_1_150' title='bbox 870 1963 922 2040; x_wconf 92' lang='lat' dir='ltr'><strong>qui</strong></span> <span class='ocrx_word' id='word_1_151' title='bbox 940 1981 979 2022; x_wconf 78' lang='lat' dir='ltr'><strong>do</strong></span> <span class='ocrx_word' id='word_1_152' title='bbox 999 1963 1080 2040; x_wconf 91' lang='lat' dir='ltr'><strong>quod</strong></span> 
     </span>
     <span class='ocr_line' id='line_1_21' title="bbox 59 2050 1079 2124; baseline -0.001 -13"><span class='ocrx_word' id='word_1_153' title='bbox 59 2051 90 2111; x_wconf 93' lang='grc' dir='ltr'><strong>Ν</strong></span> <span class='ocrx_word' id='word_1_154' title='bbox 113 2050 147 2110; x_wconf 94' lang='lat' dir='ltr'><strong>in</strong></span> <span class='ocrx_word' id='word_1_155' title='bbox 176 2051 335 2118; x_wconf 77' lang='lat' dir='ltr'><strong>Volcanus,</strong></span> <span class='ocrx_word' id='word_1_156' title='bbox 358 2051 453 2124; x_wconf 70' lang='lat' dir='ltr'><strong>volgo,</strong></span> <span class='ocrx_word' id='word_1_157' title='bbox 476 2051 592 2118; x_wconf 79' lang='lat' dir='ltr'><strong>volnus,</strong></span> <span class='ocrx_word' id='word_1_158' title='bbox 616 2051 722 2118; x_wconf 73' lang='lat' dir='ltr'><strong>celtes,</strong></span> <span class='ocrx_word' id='word_1_159' title='bbox 745 2053 893 2124; x_wconf 77' lang='lat' dir='ltr'><strong>parvolis,</strong></span> <span class='ocrx_word' id='word_1_160' title='bbox 922 2052 996 2111; x_wconf 92' lang='lat' dir='ltr'><strong>alibi</strong></span> <span class='ocrx_word' id='word_1_161' title='bbox 1019 2071 1079 2112; x_wconf 88' lang='lat' dir='ltr'><strong>ser·</strong></span> 
     </span>
     <span class='ocr_line' id='line_1_22' title="bbox 59 2139 1078 2216; baseline -0.001 -16"><span class='ocrx_word' id='word_1_162' title='bbox 59 2141 148 2201; x_wconf 79' lang='lat' dir='ltr'><strong>ravit</strong></span> <span class='ocrx_word' id='word_1_163' title='bbox 179 2140 357 2216; x_wconf 90' lang='lat' dir='ltr'><strong>plerumque</strong></span> <span class='ocrx_word' id='word_1_164' title='bbox 390 2139 421 2196; x_wconf 92' lang='lat' dir='ltr'><strong>in</strong></span> <span class='ocrx_word' id='word_1_165' title='bbox 453 2157 496 2198; x_wconf 78' lang='lat' dir='ltr'><strong>wo</strong></span> <span class='ocrx_word' id='word_1_166' title='bbox 529 2141 646 2216; x_wconf 86' lang='lat' dir='ltr'><strong>mutet,</strong></span> <span class='ocrx_word' id='word_1_167' title='bbox 682 2139 897 2215; x_wconf 88' lang='lat' dir='ltr'><strong>aspirationem</strong></span> <span class='ocrx_word' id='word_1_168' title='bbox 929 2141 1016 2201; x_wconf 85' lang='lat' dir='ltr'><strong>velut</strong></span> <span class='ocrx_word' id='word_1_169' title='bbox 1046 2142 1078 2200; x_wconf 94' lang='lat' dir='ltr'><strong>in</strong></span> 
     </span>
     <span class='ocr_line' id='line_1_23' title="bbox 59 2226 1076 2306; baseline 0 -18"><span class='ocrx_word' id='word_1_170' title='bbox 59 2229 233 2297; x_wconf 69' lang='lat' dir='ltr'><strong>Hannibal,</strong></span> <span class='ocrx_word' id='word_1_171' title='bbox 260 2227 387 2296; x_wconf 76' lang='lat' dir='ltr'><strong>Hoono,</strong></span> <span class='ocrx_word' id='word_1_172' title='bbox 409 2226 600 2295; x_wconf 77' lang='lat' dir='ltr'><strong>Hasdrubal,</strong></span> <span class='ocrx_word' id='word_1_173' title='bbox 629 2245 706 2303; x_wconf 89' lang='lat' dir='ltr'><strong>quae</strong></span> <span class='ocrx_word' id='word_1_174' title='bbox 729 2226 853 2286; x_wconf 88' lang='lat' dir='ltr'><strong>Iahnius</strong></span> <span class='ocrx_word' id='word_1_175' title='bbox 876 2227 1076 2306; x_wconf 89' lang='lat' dir='ltr'><strong>Halmiusque</strong></span> 
     </span>
     <span class='ocr_line' id='line_1_24' title="bbox 63 2315 1077 2394; baseline -0.001 -17"><span class='ocrx_word' id='word_1_176' title='bbox 63 2317 218 2377; x_wconf 86' lang='lat' dir='ltr'><strong>immerite</strong></span> <span class='ocrx_word' id='word_1_177' title='bbox 241 2315 501 2393; x_wconf 84' lang='lat' dir='ltr'><strong>improbaverunt,</strong></span> <span class='ocrx_word' id='word_1_178' title='bbox 524 2316 678 2394; x_wconf 80' lang='lat' dir='ltr'><strong>neglegat,</strong></span> <span class='ocrx_word' id='word_1_179' title='bbox 706 2333 760 2390; x_wconf 91' lang='lat' dir='ltr'><strong>pro</strong></span> <span class='ocrx_word' id='word_1_180' title='bbox 783 2315 895 2375; x_wconf 90' lang='lat' dir='ltr'><strong>litteris</strong></span> <span class='ocrx_word' id='word_1_181' title='bbox 917 2318 1077 2394; x_wconf 90' lang='lat' dir='ltr'><strong>geminatis</strong></span> 
     </span>
     <span class='ocr_line' id='line_1_25' title="bbox 59 2404 1078 2483; baseline -0.004 -16"><span class='ocrx_word' id='word_1_182' title='bbox 59 2407 156 2467; x_wconf 89' lang='lat' dir='ltr'><strong>utin</strong></span> <span class='ocrx_word' id='word_1_183' title='bbox 178 2405 351 2473; x_wconf 74' lang='lat' dir='ltr'><strong>Messores,</strong></span> <span class='ocrx_word' id='word_1_184' title='bbox 386 2405 507 2463; x_wconf 73' lang='lat' dir='ltr'><strong>Doctores</strong></span> <span class='ocrx_word' id='word_1_185' title='bbox 537 2404 672 2483; x_wconf 88' lang='lat' dir='ltr'><strong>singulas</strong></span> <span class='ocrx_word' id='word_1_186' title='bbox 698 2406 793 2480; x_wconf 89' lang='lat' dir='ltr'><strong>ponat</strong></span> <span class='ocrx_word' id='word_1_187' title='bbox 820 2404 940 2479; x_wconf 88' lang='lat' dir='ltr'><strong>aliaque</strong></span> <span class='ocrx_word' id='word_1_188' title='bbox 968 2405 1078 2464; x_wconf 90' lang='lat' dir='ltr'><strong>similia</strong></span> 
     </span>
     <span class='ocr_line' id='line_1_26' title="bbox 61 2491 1076 2557; baseline -0.005 0"><span class='ocrx_word' id='word_1_189' title='bbox 61 2495 141 2557; x_wconf 88' lang='lat' dir='ltr'><strong>vitia</strong></span> <span class='ocrx_word' id='word_1_190' title='bbox 169 2494 348 2554; x_wconf 90' lang='lat' dir='ltr'><strong>committat.</strong></span> <span class='ocrx_word' id='word_1_191' title='bbox 394 2496 499 2552; x_wconf 92' lang='lat' dir='ltr'><strong>contra</strong></span> <span class='ocrx_word' id='word_1_192' title='bbox 525 2493 636 2552; x_wconf 84' lang='lat' dir='ltr'><strong>formas</strong></span> <span class='ocrx_word' id='word_1_193' title='bbox 660 2491 789 2552; x_wconf 81' lang='lat' dir='ltr'><strong>Graecas</strong></span> <span class='ocrx_word' id='word_1_194' title='bbox 816 2492 928 2552; x_wconf 89' lang='lat' dir='ltr'><strong>iniuria</strong></span> <span class='ocrx_word' id='word_1_195' title='bbox 956 2493 993 2552; x_wconf 90' lang='lat' dir='ltr'><strong>ab</strong></span> <span class='ocrx_word' id='word_1_196' title='bbox 1016 2493 1076 2553; x_wconf 91' lang='lat' dir='ltr'><strong>edi-</strong></span> 
     </span>
     <span class='ocr_line' id='line_1_27' title="bbox 61 2581 1076 2660; baseline -0.004 -14"><span class='ocrx_word' id='word_1_197' title='bbox 61 2584 183 2646; x_wconf 88' lang='lat' dir='ltr'><strong>toribus</strong></span> <span class='ocrx_word' id='word_1_198' title='bbox 207 2582 319 2642; x_wconf 90' lang='lat' dir='ltr'><strong>alicubi</strong></span> <span class='ocrx_word' id='word_1_199' title='bbox 342 2586 459 2658; x_wconf 89' lang='lat' dir='ltr'><strong>spretas</strong></span> <span class='ocrx_word' id='word_1_200' title='bbox 482 2581 570 2640; x_wconf 89' lang='lat' dir='ltr'><strong>modo</strong></span> <span class='ocrx_word' id='word_1_201' title='bbox 589 2581 615 2640; x_wconf 95' lang='grc' dir='ltr'>Β</span> <span class='ocrx_word' id='word_1_202' title='bbox 638 2582 771 2643; x_wconf 83' lang='lat' dir='ltr'><strong>servavit</strong></span> <span class='ocrx_word' id='word_1_203' title='bbox 794 2582 882 2642; x_wconf 94' lang='lat' dir='ltr'><strong>modo</strong></span> <span class='ocrx_word' id='word_1_204' title='bbox 905 2582 942 2642; x_wconf 87' lang='lat' dir='ltr'><strong>N.</strong></span> <span class='ocrx_word' id='word_1_205' title='bbox 972 2583 1076 2660; x_wconf 91' lang='lat' dir='ltr'><strong>itaque</strong></span> 
     </span>
     <span class='ocr_line' id='line_1_28' title="bbox 58 2670 1074 2753; baseline 0 -19"><span class='ocrx_word' id='word_1_206' title='bbox 58 2697 90 2753; x_wconf 94' lang='lat' dir='ltr'><strong>p.</strong></span> <span class='ocrx_word' id='word_1_207' title='bbox 109 2677 160 2751; x_wconf 82' lang='lat'><strong>76,</strong></span> <span class='ocrx_word' id='word_1_208' title='bbox 176 2674 217 2732; x_wconf 83' lang='lat'><strong>20</strong></span> <span class='ocrx_word' id='word_1_209' title='bbox 236 2671 292 2730; x_wconf 86' lang='lat' dir='ltr'><strong>BL</strong></span> <span class='ocrx_word' id='word_1_210' title='bbox 310 2671 419 2730; x_wconf 81' lang='lat' dir='ltr'><strong>Elidos</strong></span> <span class='ocrx_word' id='word_1_211' title='bbox 437 2670 548 2729; x_wconf 92' lang='lat' dir='ltr'><strong>habent</strong></span> <span class='ocrx_word' id='word_1_212' title='bbox 561 2670 591 2729; x_wconf 86' lang='lat' dir='ltr'>N</span> <span class='ocrx_word' id='word_1_213' title='bbox 603 2671 717 2749; x_wconf 79' lang='lat' dir='ltr'><strong>Elidis,</strong></span> <span class='ocrx_word' id='word_1_214' title='bbox 740 2692 769 2747; x_wconf 91' lang='lat' dir='ltr'><strong>p.</strong></span> <span class='ocrx_word' id='word_1_215' title='bbox 786 2673 858 2749; x_wconf 83' lang='lat'>140,</span> <span class='ocrx_word' id='word_1_216' title='bbox 879 2674 895 2730; x_wconf 92' lang='lat'>1</span> <span class='ocrx_word' id='word_1_217' title='bbox 918 2676 948 2732; x_wconf 91' lang='lat' dir='ltr'><strong>et</strong></span> <span class='ocrx_word' id='word_1_218' title='bbox 968 2676 1074 2748; x_wconf 80' lang='lat'>147‚9</span> 
     </span>
     <span class='ocr_line' id='line_1_29' title="bbox 58 2750 1077 2839; baseline -0.002 -17"><span class='ocrx_word' id='word_1_219' title='bbox 58 2762 216 2838; x_wconf 72' lang='lat' dir='ltr'><strong>Aegypton</strong></span> <span class='ocrx_word' id='word_1_220' title='bbox 237 2750 299 2839; x_wconf 76' lang='lat' dir='ltr'><strong>N1)</strong></span> <span class='ocrx_word' id='word_1_221' title='bbox 328 2760 410 2820; x_wconf 89' lang='lat' dir='ltr'><strong>solus</strong></span> <span class='ocrx_word' id='word_1_222' title='bbox 432 2756 597 2834; x_wconf 72' lang='lat' dir='ltr'><strong>Aegyptam</strong></span> <span class='ocrx_word' id='word_1_223' title='bbox 618 2759 688 2837; x_wconf 84' lang='lat' dir='ltr'><strong>BL,</strong></span> <span class='ocrx_word' id='word_1_224' title='bbox 715 2780 744 2836; x_wconf 93' lang='lat' dir='ltr'><strong>p.</strong></span> <span class='ocrx_word' id='word_1_225' title='bbox 766 2763 845 2838; x_wconf 87' lang='lat'>101,</span> <span class='ocrx_word' id='word_1_226' title='bbox 865 2762 903 2819; x_wconf 79' lang='lat'><strong>21</strong></span> <span class='ocrx_word' id='word_1_227' title='bbox 936 2760 1077 2837; x_wconf 57' lang='lat' dir='ltr'><strong>obrepere</strong></span> 
     </span>
    </p>
   </div>
   <div class='ocr_carea' id='block_1_5' title="bbox 57 2998 1077 3640">
    <p class='ocr_par' dir='ltr' id='par_1_9' title="bbox 57 2998 1077 3640">
     <span class='ocr_line' id='line_1_30' title="bbox 136 2998 1075 3070; baseline -0.003 -16"><span class='ocrx_word' id='word_1_228' title='bbox 136 3003 163 3070; x_wconf 91' lang='lat'><strong>1)</strong></span> <span class='ocrx_word' id='word_1_229' title='bbox 187 2998 323 3054; x_wconf 84' lang='lat' dir='ltr'><strong>Graecam</strong></span> <span class='ocrx_word' id='word_1_230' title='bbox 346 2998 430 3052; x_wconf 90' lang='lat' dir='ltr'><strong>huius</strong></span> <span class='ocrx_word' id='word_1_231' title='bbox 453 2998 575 3053; x_wconf 90' lang='lat' dir='ltr'><strong>nominis</strong></span> <span class='ocrx_word' id='word_1_232' title='bbox 598 2999 716 3053; x_wconf 87' lang='lat' dir='ltr'><strong>formam</strong></span> <span class='ocrx_word' id='word_1_233' title='bbox 739 2999 877 3054; x_wconf 90' lang='lat' dir='ltr'><strong>Hadriani</strong></span> <span class='ocrx_word' id='word_1_234' title='bbox 902 2998 1075 3068; x_wconf 87' lang='lat' dir='ltr'><strong>temporibus</strong></span> 
     </span>
     <span class='ocr_line' id='line_1_31' title="bbox 58 3069 1077 3139; baseline -0.007 -10"><span class='ocrx_word' id='word_1_235' title='bbox 58 3070 219 3128; x_wconf 77' lang='lat' dir='ltr'><strong>invaluisse</strong></span> <span class='ocrx_word' id='word_1_236' title='bbox 241 3087 370 3124; x_wconf 90' lang='lat' dir='ltr'><strong>nummus</strong></span> <span class='ocrx_word' id='word_1_237' title='bbox 395 3070 431 3124; x_wconf 90' lang='lat' dir='ltr'><strong>ab</strong></span> <span class='ocrx_word' id='word_1_238' title='bbox 458 3087 491 3125; x_wconf 94' lang='lat' dir='ltr'><strong>eo</strong></span> <span class='ocrx_word' id='word_1_239' title='bbox 515 3087 597 3124; x_wconf 84' lang='lat' dir='ltr'><strong>casus</strong></span> <span class='ocrx_word' id='word_1_240' title='bbox 621 3071 716 3139; x_wconf 89' lang='lat' dir='ltr'><strong>docet,</strong></span> <span class='ocrx_word' id='word_1_241' title='bbox 739 3070 789 3125; x_wconf 93' lang='lat' dir='ltr'><strong>ubi</strong></span> <span class='ocrx_word' id='word_1_242' title='bbox 814 3072 884 3126; x_wconf 90' lang='lat' dir='ltr'><strong>deae</strong></span> <span class='ocrx_word' id='word_1_243' title='bbox 903 3069 1012 3124; x_wconf 87' lang='lat' dir='ltr'><strong>sedenti</strong></span> <span class='ocrx_word' id='word_1_244' title='bbox 1031 3085 1077 3122; x_wconf 90' lang='lat' dir='ltr'><strong>oa·</strong></span> 
     </span>
     <span class='ocr_line' id='line_1_32' title="bbox 57 3140 1076 3212; baseline -0.007 -13"><span class='ocrx_word' id='word_1_245' title='bbox 57 3145 155 3199; x_wconf 83' lang='lat' dir='ltr'><strong>nistre</strong></span> <span class='ocrx_word' id='word_1_246' title='bbox 183 3140 296 3195; x_wconf 89' lang='lat' dir='ltr'><strong>innixae</strong></span> <span class='ocrx_word' id='word_1_247' title='bbox 325 3141 438 3195; x_wconf 81' lang='lat' dir='ltr'><strong>sistrum</strong></span> <span class='ocrx_word' id='word_1_248' title='bbox 465 3141 575 3196; x_wconf 90' lang='lat' dir='ltr'><strong>tenenti</strong></span> <span class='ocrx_word' id='word_1_249' title='bbox 603 3142 734 3196; x_wconf 84' lang='lat' dir='ltr'><strong>adstante</strong></span> <span class='ocrx_word' id='word_1_250' title='bbox 761 3141 839 3197; x_wconf 90' lang='lat' dir='ltr'><strong>ibide</strong></span> <span class='ocrx_word' id='word_1_251' title='bbox 862 3142 921 3212; x_wconf 73' lang='lat' dir='ltr'><strong>Aeg</strong></span> <span class='ocrx_word' id='word_1_252' title='bbox 936 3149 999 3210; x_wconf 82' lang='lat' dir='ltr'><strong>ptos</strong></span> <span class='ocrx_word' id='word_1_253' title='bbox 1027 3140 1076 3193; x_wconf 87' lang='lat' dir='ltr'><strong>ad-</strong></span> 
     </span>
     <span class='ocr_line' id='line_1_33' title="bbox 60 3210 1077 3284; baseline -0.005 -15"><span class='ocrx_word' id='word_1_254' title='bbox 60 3213 202 3283; x_wconf 84' lang='lat' dir='ltr'><strong>scriptum</strong></span> <span class='ocrx_word' id='word_1_255' title='bbox 218 3212 324 3284; x_wconf 84' lang='lat' dir='ltr'><strong>legitur</strong></span> <span class='ocrx_word' id='word_1_256' title='bbox 342 3211 453 3282; x_wconf 79' lang='lat' dir='ltr'><strong>(Millin,</strong></span> <span class='ocrx_word' id='word_1_257' title='bbox 473 3211 591 3281; x_wconf 80' lang='lat' dir='ltr'><strong>‘galerie</strong></span> <span class='ocrx_word' id='word_1_258' title='bbox 609 3212 832 3282; x_wconf 83' lang='lat' dir='ltr'><strong>mythologique&#39;</strong></span> <span class='ocrx_word' id='word_1_259' title='bbox 852 3213 911 3267; x_wconf 93' lang='lat' dir='ltr'><strong>tab.</strong></span> <span class='ocrx_word' id='word_1_260' title='bbox 948 3210 1077 3264; x_wconf 81' lang='lat' dir='ltr'>XXXVII</span> 
     </span>
     <span class='ocr_line' id='line_1_34' title="bbox 60 3282 1077 3356; baseline -0.004 -17"><span class='ocrx_word' id='word_1_261' title='bbox 60 3287 110 3356; x_wconf 87' lang='lat' dir='ltr'><strong>fig.</strong></span> <span class='ocrx_word' id='word_1_262' title='bbox 126 3289 179 3338; x_wconf 78' lang='lat'><strong>376</strong></span> <span class='ocrx_word' id='word_1_263' title='bbox 199 3285 228 3338; x_wconf 91' lang='lat' dir='ltr'><strong>et</strong></span> <span class='ocrx_word' id='word_1_264' title='bbox 245 3285 278 3339; x_wconf 94' lang='lat' dir='ltr'><strong>H.</strong></span> <span class='ocrx_word' id='word_1_265' title='bbox 295 3283 398 3352; x_wconf 82' lang='lat' dir='ltr'><strong>Cohen,</strong></span> <span class='ocrx_word' id='word_1_266' title='bbox 419 3282 574 3337; x_wconf 82' lang='lat' dir='ltr'><strong>‘monnaiee</strong></span> <span class='ocrx_word' id='word_1_267' title='bbox 592 3283 626 3337; x_wconf 92' lang='lat' dir='ltr'><strong>de</strong></span> <span class='ocrx_word' id='word_1_268' title='bbox 640 3283 766 3353; x_wconf 81' lang='lat' dir='ltr'><strong>l&#39;empire</strong></span> <span class='ocrx_word' id='word_1_269' title='bbox 780 3283 889 3338; x_wconf 89' lang='lat' dir='ltr'><strong>romain</strong></span> <span class='ocrx_word' id='word_1_270' title='bbox 897 3283 917 3314; x_wconf 78' lang='lat'><strong>¹¹</strong></span> <span class='ocrx_word' id='word_1_271' title='bbox 938 3283 965 3336; x_wconf 91' lang='lat' dir='ltr'>H</span> <span class='ocrx_word' id='word_1_272' title='bbox 982 3301 1009 3352; x_wconf 94' lang='lat' dir='ltr'><strong>p.</strong></span> <span class='ocrx_word' id='word_1_273' title='bbox 1026 3288 1077 3335; x_wconf 80' lang='lat'><strong>114</strong></span> 
     </span>
     <span class='ocr_line' id='line_1_35' title="bbox 59 3353 1076 3424; baseline -0.003 -13"><span class='ocrx_word' id='word_1_274' title='bbox 59 3357 194 3424; x_wconf 89' lang='lat' dir='ltr'><strong>nr.110).</strong></span> <span class='ocrx_word' id='word_1_275' title='bbox 232 3371 266 3408; x_wconf 89' lang='lat' dir='ltr'><strong>ex</strong></span> <span class='ocrx_word' id='word_1_276' title='bbox 288 3353 459 3409; x_wconf 90' lang='lat' dir='ltr'><strong>allocutione</strong></span> <span class='ocrx_word' id='word_1_277' title='bbox 482 3353 622 3408; x_wconf 86' lang='lat' dir='ltr'><strong>Hadriani</strong></span> <span class='ocrx_word' id='word_1_278' title='bbox 644 3355 682 3409; x_wconf 90' lang='lat' dir='ltr'><strong>ad</strong></span> <span class='ocrx_word' id='word_1_279' title='bbox 704 3354 809 3410; x_wconf 87' lang='lat' dir='ltr'><strong>milites</strong></span> <span class='ocrx_word' id='word_1_280' title='bbox 828 3354 858 3408; x_wconf 90' lang='lat' dir='ltr'><strong>in</strong></span> <span class='ocrx_word' id='word_1_281' title='bbox 878 3354 977 3408; x_wconf 88' lang='lat' dir='ltr'><strong>castris</strong></span> <span class='ocrx_word' id='word_1_282' title='bbox 995 3355 1076 3408; x_wconf 87' lang='lat' dir='ltr'><strong>Lam·</strong></span> 
     </span>
     <span class='ocr_line' id='line_1_36' title="bbox 60 3424 1077 3496; baseline -0.005 -12"><span class='ocrx_word' id='word_1_283' title='bbox 60 3424 223 3484; x_wconf 90' lang='lat' dir='ltr'><strong>baesitanis</strong></span> <span class='ocrx_word' id='word_1_284' title='bbox 246 3428 357 3495; x_wconf 86' lang='lat' dir='ltr'><strong>reperta</strong></span> <span class='ocrx_word' id='word_1_285' title='bbox 379 3424 419 3496; x_wconf 85' lang='lat' dir='ltr'><strong>(O.</strong></span> <span class='ocrx_word' id='word_1_286' title='bbox 438 3425 457 3478; x_wconf 94' lang='grc' dir='ltr'><strong>Ι.</strong></span> <span class='ocrx_word' id='word_1_287' title='bbox 477 3425 506 3479; x_wconf 90' lang='lat' dir='ltr'><strong>L.</strong></span> <span class='ocrx_word' id='word_1_288' title='bbox 526 3425 593 3479; x_wconf 88' lang='lat' dir='ltr'>VIII</span> <span class='ocrx_word' id='word_1_289' title='bbox 611 3429 691 3495; x_wconf 79' lang='lat'>2532)</span> <span class='ocrx_word' id='word_1_290' title='bbox 713 3426 768 3480; x_wconf 91' lang='lat' dir='ltr'><strong>hae</strong></span> <span class='ocrx_word' id='word_1_291' title='bbox 786 3427 893 3480; x_wconf 85' lang='lat' dir='ltr'><strong>formae</strong></span> <span class='ocrx_word' id='word_1_292' title='bbox 911 3426 1077 3480; x_wconf 86' lang='lat' dir='ltr'><strong>confirmant</strong></span> 
     </span>
     <span class='ocr_line' id='line_1_37' title="bbox 61 3495 1076 3568; baseline -0.004 -14"><span class='ocrx_word' id='word_1_293' title='bbox 61 3497 220 3568; x_wconf 83' lang='lat' dir='ltr'><strong>scripturas</strong></span> <span class='ocrx_word' id='word_1_294' title='bbox 245 3496 372 3550; x_wconf 85' lang='lat' dir='ltr'><strong>codicum</strong></span> <span class='ocrx_word' id='word_1_295' title='bbox 389 3495 584 3550; x_wconf 78' lang='lat' dir='ltr'><strong>Florianorum</strong></span> <span class='ocrx_word' id='word_1_296' title='bbox 603 3499 653 3551; x_wconf 90' lang='lat' dir='ltr'><strong>aut</strong></span> <span class='ocrx_word' id='word_1_297' title='bbox 672 3497 742 3551; x_wconf 87' lang='lat' dir='ltr'><strong>alias</strong></span> <span class='ocrx_word' id='word_1_298' title='bbox 762 3498 797 3551; x_wconf 94' lang='lat' dir='ltr'><strong>ob</strong></span> <span class='ocrx_word' id='word_1_299' title='bbox 818 3514 916 3552; x_wconf 88' lang='lat' dir='ltr'><strong>causas</strong></span> <span class='ocrx_word' id='word_1_300' title='bbox 934 3497 1076 3552; x_wconf 91' lang='lat' dir='ltr'><strong>mentione</strong></span> 
     </span>
     <span class='ocr_line' id='line_1_38' title="bbox 61 3569 1076 3640; baseline 0.001 -15"><span class='ocrx_word' id='word_1_301' title='bbox 61 3570 171 3640; x_wconf 88' lang='lat' dir='ltr'><strong>dignae</strong></span> <span class='ocrx_word' id='word_1_302' title='bbox 191 3569 268 3622; x_wconf 88' lang='lat' dir='ltr'><strong>sunt:</strong></span> <span class='ocrx_word' id='word_1_303' title='bbox 296 3574 364 3637; x_wconf 78' lang='lat' dir='ltr'><strong>apat</strong></span> <span class='ocrx_word' id='word_1_304' title='bbox 381 3585 435 3635; x_wconf 82' lang='lat' dir='ltr'><strong>me,</strong></span> <span class='ocrx_word' id='word_1_305' title='bbox 460 3585 494 3623; x_wconf 79' lang='lat' dir='ltr'><strong>ea</strong></span> <span class='ocrx_word' id='word_1_306' title='bbox 512 3570 640 3636; x_wconf 70' lang='lat' dir='ltr'><strong>caetrata,</strong></span> <span class='ocrx_word' id='word_1_307' title='bbox 658 3570 683 3622; x_wconf 85' lang='lat' dir='ltr'><strong>si</strong></span> <span class='ocrx_word' id='word_1_308' title='bbox 701 3570 768 3638; x_wconf 78' lang='lat' dir='ltr'><strong>quit,</strong></span> <span class='ocrx_word' id='word_1_309' title='bbox 793 3571 989 3638; x_wconf 75' lang='lat' dir='ltr'><strong>eastrdceietis,</strong></span> <span class='ocrx_word' id='word_1_310' title='bbox 1007 3587 1076 3625; x_wconf 85' lang='lat' dir='ltr'><strong>com·</strong></span> 
     </span>
    </p>
   </div>
   <div class='ocr_carea' id='block_1_6' title="bbox 0 0 1198 3922">
    <p class='ocr_par' dir='ltr' id='par_1_10' title="bbox 0 0 1198 3922">
     <span class='ocr_line' id='line_1_39' title="bbox 0 0 1198 3922; baseline 0 0"><span class='ocrx_word' id='word_1_311' title='bbox 0 0 1198 3922; x_wconf 95' lang='lat' dir='ltr'><strong> </strong></span> 
     </span>
    </p>
   </div>
  </div>
 </body>
</html>
