2386 3922
369 140 572 192 PRAEFATIO
591 140 761 193 EDITORIS
968 140 1072 195 XXXV

62 308 132 367 n'ore
160 306 295 384 nomine,
324 323 447 380 capreae
473 306 576 384 posuit
602 308 755 384 pauloque
782 307 909 368 inferius
935 300 991 390 (vs.
1014 303 1069 392 19)

62 399 160 457 sertus
182 396 302 455 nullum
325 396 408 454 aliud
428 395 539 455 fiumen
559 414 628 454 oum
646 396 803 472 Euphrate
821 398 965 476 coniungi
982 418 1070 476 posse

62 485 112 545 risi
135 484 291 562 Trigidem
317 486 402 559 tiaris
429 486 506 558 6666
533 485 660 557 eufrates
687 504 742 561 pro
767 485 880 545 Tiberis
907 489 1070 560 66664136-

62 575 181 648 obrales.
227 573 339 633 similia
362 577 433 633 sunt
456 573 538 650 quod
561 572 584 632 0
605 593 634 649 p.
654 576 709 650 81,
730 576 772 633 20
800 593 836 633 ex
862 576 982 635 nomine
1005 576 1069 635 Nu-

62 663 191 723 mantino
214 663 404 737 Megarauico
433 662 562 739 quodB
589 662 682 721 habet
703 663 833 736 Meqara
859 666 932 723 aiolo
961 665 1070 745 effecit,

62 773 84 830 p.
104 754 199 830 77,2
229 770 265 810 ex
293 749 407 811 Graeco
433 752 524 810 Diaei
551 743 645 831 (elisaei
672 752 698 809 B
726 751 869 828 deceptus
901 753 1022 813 litterae
1050 774 1070 813 a

62 841 151 901 forma
165 843 274 917 aperta
301 841 449 918 dipmilate,
467 861 497 917 p.
513 843 564 917 91,
581 843 620 900 18
637 860 672 899 ex
686 841 819 899 fluminis
833 842 953 901 nomine
966 840 1070 901 Alesia

62 922 145 1009 sadae
167 931 225 988 aim
246 929 273 987 B
311 930 351 988 ad
372 929 465 988 bosles
486 931 528 1005 ira,
551 950 580 1005 p.
603 932 674 1005 106,
695 933 712 989 9
738 948 775 988 ex
792 930 934 990 Helvetiis
956 951 1069 1007 gnarus

62 1018 198 1078 ridelicet
218 1035 289 1077 mox
307 1017 420 1094 Belgas
443 1018 604 1077 memorari
622 1018 759 1092 Belyetia
796 1022 901 1078 eontra
920 1020 944 1077 Β
964 1020 995 1078 in
1013 1020 1069 1081 hoc

62 1126 164 1186 genere
192 1107 290 1167 multo
317 1107 414 1167 levius
441 1106 579 1183 peccavit
606 1108 692 1182 ,velut
713 1128 742 1184 p.
765 1110 836 1185 107,
856 1111 874 1167 7
899 1107 953 1167 ubi
975 1109 1070 1168 Imlm

62 1199 198 1256 lemarus
224 1196 257 1254 in
283 1196 404 1255 indubio
425 1213 538 1264 marias,
565 1194 637 1255 ibid.
660 1193 814 1255 Ambiorix
836 1197 868 1254 in
891 1199 986 1257 matio
1008 1216 1069 1267 rea,

62 1305 94 1346 rs.
118 1287 160 1345 12
182 1283 295 1344 Goliam
316 1284 348 1343 in
370 1285 447 1358 qaod
469 1288 529 1344 lam
550 1285 691 1345 mutavit.
718 1305 789 1343 nam
808 1286 889 1362 quod
907 1307 936 1363 p.
955 1289 1007 1363 82,
1027 1290 1068 1346 24

62 1395 112 1435 ion
136 1377 173 1433 ut
192 1372 214 1432 0
237 1373 354 1451 caeliae,
376 1372 581 1449 Hispanorum
603 1373 687 1433 illius
711 1391 745 1432 66
767 1375 912 1447 framenta
930 1379 1068 1454 potionis,

62 1464 239 1524 pontionem
265 1463 352 1539 fecit,
385 1463 436 1522 sed
464 1464 600 1536 praellae
629 1463 697 1522 inde
724 1462 847 1523 videtur
872 1465 1069 1540 repetendum

62 1572 116 1614 usse
138 1552 220 1629 quod
242 1551 274 1610 in
292 1551 456 1628 archetypo
474 1569 532 1625 pro
557 1544 813 1631 (·i·proprimm
834 1547 952 1631 mmm)
977 1573 1068 1631 appo·

63 1644 148 1702 itum
172 1641 331 1701 invenerat
339 1632 371 1719 ¹).
411 1659 483 1717 ergo
506 1641 617 1700 iterum
640 1640 754 1700 libriB
778 1641 905 1701 scribam
925 1643 1069 1703 sermonis

62 1730 157 1791 'ratini
187 1729 276 1791 valde
308 1729 419 1807 exigua
454 1729 627 1806 cognitione
664 1730 816 1790 imbutum
847 1731 985 1793 videmus
1017 1733 1069 1810 qui

62 1821 130 1880 atis
153 1818 285 1878 fideliter
312 1818 447 1896 quaein
474 1818 637 1894 archetypo
660 1818 817 1879 invenerat
846 1821 1069 1897 transcriberet,

62 1908 181 1969 slten'us
209 1907 391 1967 recensionis
422 1909 576 1966 auctorem
607 1909 700 1983 paulo
733 1909 847 1969 maiore
879 1928 934 1968 nec
966 1914 1068 1969 tamon

62 1996 151 2058 olida
175 1996 314 2056 doctrina
341 1998 526 2055 instructum
557 1996 610 2073 qui
632 1998 754 2057 nomina
776 1999 876 2058 minus
899 1999 1015 2057 usitata
1036 2000 1068 2057 in

62 2087 175 2147 latiora
198 2088 253 2144 aut
274 2085 306 2142 in
329 2085 478 2145 vocabula
497 2085 608 2144 similia
625 2089 766 2145 mutaret.
803 2087 956 2146 interdum
975 2088 1068 2148 etiam

62 2176 155 2234 ninus
175 2176 248 2233 nota
265 2192 319 2249 pro
339 2174 419 2233 notis
438 2173 598 2233 substituit
617 2175 702 2234 velut
720 2195 747 2248 p.
768 2177 820 2250 44,
842 2178 881 2232 12
902 2178 1068 2235 sardiniam

62 2265 256 2336 ammomum
278 2264 304 2321 ei
326 2280 475 2322 eossmam
499 2281 553 2336 pro
577 2261 750 2321 Sardiniam
773 2264 974 2335 adaeaamqme
998 2264 1068 2322 Cor-

62 2353 154 2413 sicam.
196 2353 352 2426 praeterea
375 2370 444 2410 oum
467 2353 586 2410 constet
608 2353 725 2411 veteres
748 2350 780 2408 in
803 2351 974 2410 nominibus
997 2371 1066 2427 pro·

62 2442 127 2515 [uiis
152 2440 316 2500 scribendis
348 2459 408 2500 non
431 2459 467 2498 ea
490 2448 556 2516 qua'
572 2458 652 2498 nunc
674 2439 791 2499 utimur
814 2438 973 2516 diligentia
995 2458 1067 2499 usos

62 2543 128 2609 asse,
160 2529 288 2587 maxime
321 2529 487 2588 cavendum
519 2528 592 2587 duxi
623 2548 660 2587 ne
694 2548 712 2587 a
743 2528 891 2588 librorum
920 2529 1067 2588 memoria

65 2615 120 2676 line
143 2618 259 2677 idoneis
287 2619 386 2677 causis
413 2619 603 2677 discederem.
640 2618 684 2676 ita
706 2619 795 2676 facile
819 2617 884 2676 fieri
906 2619 1009 2694 potuit
1031 2624 1067 2679 ut

64 2698 163 2766 Florus
195 2706 269 2765 alibi
300 2706 416 2766 Salmeii
447 2702 490 2783 (p.
515 2709 565 2784 49,
591 2699 625 2787 9)
658 2709 689 2766 64
720 2708 904 2766 Dalmmliam
936 2702 1002 2784 (94,
1029 2701 1065 2789 4)

67 2791 265 2855 6144496666·
287 2788 330 2877 (p.
351 2800 406 2873 89,
434 2799 467 2874 9)
492 2799 522 2854 et
544 2796 699 2854 Delmatae
722 2789 763 2873 (p.
786 2797 857 2872 169,
879 2799 910 2872 9,
941 2799 1013 2871 171,
1029 2792 1065 2878 4)

69 2884 197 2944 lcriberet
229 2887 261 2943 et
290 2885 379 2944 modo
411 2886 508 2943 forma
536 2882 666 2944 Arverni
694 2877 909 2964 (p.109‚14;
935 2888 1011 2961 110,
1031 2881 1066 2962 8)

68 2972 144 3032 modo
165 2970 280 3032 Arimi
302 2964 345 3055 (p.
365 2976 415 3045 89,
437 2966 493 3054 11)
512 2977 656 3032 uteretur.
689 2993 781 3051 quare
801 2973 893 3032 etiam
912 2993 939 3050 p.
957 2975 1065 3051 83,10

67 3053 266 3136 Illoecopmem
284 3063 485 3139 appellavisse
499 3061 619 3123 videtur
633 3063 686 3139 qui
705 3062 787 3139 apud
801 3063 957 3121 Valerium
971 3062 1064 3120 Maxi-

68 3162 138 3210 mum
177 3152 370 3226 Rboetoyemes
411 3152 492 3228 apud
528 3150 700 3228 Appianum
736 3148 901 3231 Ρητογένης
939 3155 986 3210 est
1023 3141 1064 3231 (v.

64 3250 88 3312 p.
100 3232 269 3322 XXXIV)²)
288 3244 319 3301 64
335 3261 363 3317 p.
381 3244 453 3317 109,
474 3245 491 3301 9
513 3259 548 3300 ex
566 3241 722 3318 scripturis
742 3243 871 3300 casualia
890 3233 945 3321 (B)
965 3243 996 3298 64
1018 3257 1065 3297 ea-

65 3363 267 3376 κῇ...-

127 3449 152 3516 1)
170 3463 196 3501 v.
216 3445 311 3500 adnot.
331 3446 368 3499 ad
386 3464 413 3514 p.
430 3450 545 3513 161,16.

125 3520 152 3587 2)
170 3534 265 3572 veram
278 3516 399 3571 nominis
414 3516 533 3570 formam
545 3514 655 3569 Paridis
671 3515 794 3584 epitoma
809 3515 940 3585 servarit,
955 3515 1063 3572 Valerii

817 3606 850 3659 0⁸
