2386 3922
400 135 602 189 PRAEFATIO
621 137 793 190 XDITORIS
1012 135 1103 190 XXXI

81 301 336 378 inscriptionibus
360 302 565 382 cognovimus,
589 306 735 380 quattuor
757 303 850 363 libros
872 303 985 363 habeat
1006 305 1102 363 mani-

81 391 200 450 festum
233 393 286 451 est
336 410 407 450 nam
439 409 508 451 cum
537 411 556 452 a
588 391 678 452 Floro
710 393 775 468 ipso
808 396 953 470 quattuor
985 396 1103 454 aetates

81 480 196 557 populi
218 480 346 540 Romani
372 480 500 540 indicari
527 481 615 541 initio
639 483 737 558 operis
760 480 898 559 vidisset,
925 483 1003 541 hanc
1026 482 1101 543 divi·

82 569 204 629 sionem
227 570 314 647 sequi
336 569 454 647 maluit,
478 569 590 646 quippo
609 589 686 646 quae
705 571 810 647 altera,
834 570 920 630 cuins
937 571 1008 630 libri
1026 572 1102 631 satis

82 657 171 735 longi
207 661 297 735 suut,
337 658 495 736 aliquanto
532 662 612 718 esset
648 659 840 718 commodior.
886 663 977 737 atque
1009 660 1102 737 primi

83 747 211 824 quidem
237 747 308 806 libri
336 747 464 806 eundem
492 747 521 806 ei
549 747 640 806 finem
667 750 801 807 statuere
824 747 913 807 licuit
935 767 1025 824 quem
1048 749 1101 808 illo

83 835 311 896 adulescentiae
339 836 412 895 fecit
441 866 479 877 -
508 855 579 895 uam
605 836 749 914 infantia,
779 836 865 895 cuius
893 836 952 896 duo
980 840 1101 896 tautum

82 925 292 1002 capitasunt,
314 924 468 1002 integrm
490 925 602 984 librum
625 925 743 1000 explere
766 944 826 985 non
847 925 959 984 licebat
984 956 1039 998 -,
1068 926 1101 984 iu

80 1015 196 1074 ceteris
219 1032 290 1075 vero
315 1013 388 1090 quin
407 1031 425 1071 a
444 1013 589 1089 scriptore
608 1013 792 1090 discreparet
809 1013 875 1073 fieri
892 1033 953 1073 nou
970 1017 1100 1092 poterat,

79 1121 155 1163 oum
178 1102 231 1161 ille
255 1102 429 1180 senectutis,
452 1121 543 1179 quam
565 1102 604 1161 ab
622 1101 763 1181 Augusto
787 1103 826 1162 ad
845 1103 1009 1162 Traianum
1031 1121 1100 1179 per-

77 1192 181 1255 tinere
214 1192 322 1266 uoluit,
353 1191 511 1250 historiam
542 1210 604 1251 non
634 1195 794 1252 narrasset
842 1211 933 1269 quam
966 1192 1004 1251 ob
1036 1211 1099 1251 rem

79 1281 155 1340 libri
178 1280 263 1340 tertii
285 1280 407 1339 initium
431 1280 546 1340 facita
568 1281 639 1340 bello
657 1281 842 1355 lepontios,
866 1280 968 1358 quarti
990 1300 1008 1339 a
1027 1282 1099 1339 bello

82 1368 241 1443 Catilinae,
265 1388 342 1446 quae
366 1369 496 1428 labentis
518 1369 562 1428 rei
584 1369 723 1446 publicae
742 1370 894 1429 Romanae
917 1369 1099 1429 manifestis·

84 1458 163 1518 sima
187 1457 276 1536 sigua
298 1476 334 1516 ex
358 1458 498 1517 Sallustii
520 1458 606 1517 libris
630 1461 821 1536 cognoverat.

151 1546 214 1606 Sed
236 1546 367 1607 obicient
391 1547 556 1606 adversarii
574 1547 721 1607 librorum
739 1547 885 1608 divisione
904 1547 1098 1624 capitumque

82 1634 233 1696 indicibus
254 1654 315 1695 non
338 1636 412 1695 satis
434 1635 555 1712 probari
573 1635 644 1694 libri
660 1636 687 1694 B
705 1636 933 1714 praestantiam,
951 1636 984 1695 in
1001 1637 1099 1713 ipsam

83 1743 208 1784 arenam
230 1724 470 1784 descendendum
493 1743 558 1784 esse
581 1728 612 1784 et
634 1725 675 1785 do
698 1725 947 1785 recensionum
965 1724 995 1785 A
1013 1729 1049 1785 et
1071 1724 1188 1784 Oreoensi

83 1813 281 1890 scripturis
304 1813 516 1872 dimicandum.
556 1814 709 1874 diremisse
732 1818 835 1874 autem
858 1815 944 1874 litem
966 1814 1096 1874 Beckius
1170 1800 1181 1828 ⁰

83 1901 141 1962 sibi
164 1902 249 1964 visus
272 1905 331 1980 est,
359 1921 428 1961 cum
457 1897 618 1964 ‘observat
642 1897 720 1962 crit.'
743 1923 771 1979 p.
790 1903 872 1962 XXX
895 1903 1040 1963 scriberet
1063 1924 1099 1962 ex

84 1989 129 2051 OC
158 1992 221 2050 fero
247 1991 322 2051 locis
350 1991 382 2049 in
404 1991 430 2049 B
455 1990 605 2051 CXXXIX
631 1997 790 2069 corruptos
821 1995 876 2052 aut
898 1993 1098 2068 interpolatos

83 2097 157 2158 esse,
176 2079 264 2139 XXII
281 2079 346 2141 veri
365 2079 463 2139 simile
483 2099 546 2140 esse
565 2099 625 2140 non
643 2081 787 2157 praebere
805 2099 909 2141 veram
927 2081 1097 2158 lectionem,

82 2168 114 2228 in
135 2169 167 2228 N
191 2167 293 2228 LVIII
319 2171 351 2228 et
377 2168 422 2247 II,
448 2170 480 2228 in
502 2169 528 2227 L
550 2169 637 2228 Voss.
661 2168 745 2228 Harl.
768 2169 811 2227 XI
839 2173 870 2227 et
894 2169 916 2228 I.
963 2172 1098 2230 attamen

82 2257 109 2318 si
136 2257 177 2317 ad
204 2258 336 2317 calculos
359 2259 494 2318 vocanda
516 2275 563 2316 res
587 2261 661 2334 erat,
691 2275 752 2315 non
775 2256 886 2315 licebat
908 2255 955 2316 Oc
978 2260 1099 2317 tantum

82 2346 166 2407 locos
190 2347 386 2407 considerare.
434 2365 537 2406 omnes
565 2346 602 2405 de
630 2365 759 2422 quorum
789 2345 939 2420 scriptura
962 2346 1096 2406 dubitari

80 2437 184 2513 potest
211 2435 373 2496 adhibendi
402 2440 488 2495 eraut
517 2454 616 2513 neque
639 2435 722 2493 ullus
746 2434 799 2511 qui
821 2453 840 2492 a
861 2433 888 2491 B
912 2436 967 2492 aut
990 2432 1095 2493 Orosio

81 2527 145 2584 stat
168 2524 361 2585 omIttendus.
405 2526 485 2601 quod
509 2542 578 2584 cum
600 2525 652 2584 ille
675 2524 804 2583 maxime
828 2522 884 2582 sub
907 2522 998 2581 finem
1021 2523 1095 2582 satis

79 2612 186 2673 crebro
209 2604 347 2692 fecerit¹)
378 2616 408 2672 et
436 2613 471 2672 do
499 2614 605 2673 multis
633 2613 707 2673 locis
730 2614 762 2672 in
785 2613 906 2673 tabulas
930 2611 967 2671 ab
991 2631 1026 2672 eo
1048 2632 1094 2671 re·

79 2702 154 2761 latis
187 2703 276 2762 allter
307 2701 435 2760 iudicari
466 2721 553 2778 posse
585 2706 690 2779 pateat
722 2706 752 2762 et
783 2702 952 2761 iudicatum
984 2701 1025 2760 sit
1057 2702 1094 2760 ab

78 2791 189 2851 Iahnio
203 2791 341 2869 aliisque,
356 2793 387 2850 et
401 2791 480 2850 hunc
496 2794 527 2851 et
540 2790 688 2851 Beckium
701 2792 732 2850 iu
746 2792 835 2851 Floro
849 2790 1039 2868 recensendo,
1057 2792 1095 2849 si·

78 2879 198 2939 militer
210 2898 246 2939 ac
260 2898 357 2956 nuper
371 2880 424 2937 alii
437 2880 496 2940 viri
510 2880 591 2939 docti
608 2881 640 2937 in
659 2880 826 2939 Pausaniae
841 2879 898 2938 fide
917 2880 1096 2956 pensitanda

78 2969 233 3046 fecerunt,
265 2968 485 3028 causidicorum
516 2969 633 3046 potius,
665 2987 740 3044 quos
772 2988 863 3046 quam
890 2968 997 3027 acerbo
1025 2968 1094 3027 odio

77 3058 211 3117 maiores
233 3057 329 3116 nostri
352 3058 503 3133 persecuti
526 3058 587 3116 sint
608 3058 717 3118 Florus
741 3058 805 3134 ipse
829 3056 964 3134 tradidit,
992 3058 1094 3132 partes

78 3147 180 3225 egisse
207 3145 398 3223 intellegitur
426 3165 516 3224 quam
544 3147 678 3205 iudicum
702 3165 873 3224 aequorum.
926 3164 997 3204 nam
1025 3164 1094 3203 eum

80 3235 216 3296 codicem
244 3254 334 3312 quem
361 3235 420 3294 sibi
448 3236 555 3294 ducem
586 3235 741 3312 elegerant
772 3235 816 3294 ita
848 3234 1029 3293 adamarunt
1057 3238 1094 3291 ut

154 3442 181 3509 1)
204 3438 388 3509 plurimarum
416 3438 586 3494 recensionis
609 3437 630 3492 C
656 3437 822 3494 lacunarum
848 3454 953 3507 paucas
981 3438 1093 3492 tantum

77 3510 249 3567 memorant
266 3510 395 3566 Beckius.
