2386 3922
474 158 500 226 1,
519 162 553 212 ss
572 157 635 227 (m,
653 159 688 226 s).
1027 114 1089 222 '93

71 340 179 403 pugna.
226 340 297 383 nam
324 340 392 383 cum
420 324 510 383 missa
538 322 574 382 ad
597 322 722 382 Marium
751 322 897 400 legatione
921 323 1087 384 libertatem

73 429 108 473 ac
130 411 335 472 sacerdotium
355 428 415 471 non
434 413 637 490 inpetrassent
651 445 693 453 —
707 429 764 471 nec
783 411 827 470 ias
846 418 910 470 erat
924 445 976 493 —,
1000 414 1089 473 sulio-

73 501 147 561 catis
171 498 314 579 elisisque
333 502 446 579 passim
465 499 628 560 infantibus
648 502 710 559 suis
730 507 780 559 aut
799 501 912 560 mutuis
932 501 1089 561 concidere

74 587 248 651 vulneribus
272 594 323 648 aut
344 587 462 649 vinculo
486 606 503 648 e
527 588 660 648 crinibus
685 590 748 649 suis
772 589 848 649 lacto
872 586 908 648 ab
932 588 1089 649 arboribus

76 678 213 757 iugisque
235 675 439 756 plaustrorum
461 676 677 756 pependerunt.
719 676 840 737 Boiorix
863 696 916 737 rex
939 678 971 736 in
993 680 1089 756 prima
1110 689 1142 736 18

77 768 137 827 acie
160 765 307 826 dimicans
330 767 446 845 inpigre
470 784 525 826 nec
549 764 662 826 inultus
685 766 832 826 occubuit.

161 854 264 915 Tertia
291 853 504 933 Tigurinorum
531 872 650 934 manus,
681 873 756 932 quae
784 856 869 932 quasi
897 856 928 913 in
956 853 1089 914 subsidio

79 940 199 1004 Noricos
226 942 378 1003 insederat
400 941 519 1022 Alpium
547 941 693 1023 tumulos,
720 945 752 1002 in
780 943 896 1002 diversa
924 942 999 1021 lapsi
1022 943 1090 1020 fuga

81 1030 200 1110 ignobili
228 1037 259 1091 et
285 1030 451 1091 latrociniis
474 1033 601 1091 evanuit.
647 1031 726 1091 huuc
750 1039 814 1091 tum
836 1029 947 1091 laetum
969 1039 1089 1110 tamque
1110 1043 1142 1090 19

68 1118 193 1180 liolicem
220 1119 363 1180 liberatae
389 1119 491 1191 ltaliae
519 1121 690 1198 adsertique
718 1121 837 1198 imperii
864 1121 1002 1179 nuntium
1030 1136 1090 1179 non

83 1226 130 1287 per
150 1209 303 1289 homines,
325 1214 359 1269 ut
382 1207 508 1289 solebat,
531 1208 562 1268 P.
585 1208 619 1268 R.
643 1210 771 1289 accepit,
795 1208 848 1268 sed
871 1227 926 1287 per
949 1210 1040 1288 ipsos,
1064 1209 1090 1267 si

85 1297 198 1358 credere
229 1297 273 1356 ias
302 1303 360 1377 est,
389 1296 469 1357 deos.
516 1299 625 1376 quippe
650 1297 755 1357 eodem
779 1296 826 1357 die
851 1316 909 1375 quo
933 1305 1015 1375 gesta
1039 1315 1088 1356 res
1109 1307 1143 1356 20

87 1391 125 1445 est
148 1387 205 1446 visi
232 1403 287 1464 pro
316 1381 388 1446 aede
415 1385 545 1446 Pollucis
573 1393 603 1446 et
630 1384 762 1445 Castoris
790 1388 913 1445 iuvenes
941 1384 1088 1446 laureatas

87 1476 206 1551 praetori
237 1473 352 1534 litteras
384 1473 468 1556 dare,
500 1474 701 1553 frequensque
729 1476 761 1533 in
789 1474 957 1551 spectaculo
986 1492 1088 1534 rumor

68 1561 216 1637 ¹irictoriae
231 1561 406 1623 Cimbricae.
431 1582 472 1620 s*
496 1558 668 1622 ‘feliciterI'
687 1561 770 1621 dixit.
804 1580 862 1640 quo
877 1562 948 1640 quid
963 1561 1088 1622 admira·
1108 1573 1141 1621 21

68 1646 178 1732 lilius,
211 1650 283 1730 quid
316 1652 462 1730 insignius
495 1652 562 1711 fieri
593 1647 714 1730 potest?
760 1652 869 1730 quippe
900 1650 980 1710 velut
1014 1651 1089 1711 elata

91 1739 226 1800 montibus
264 1741 327 1800 suis
359 1739 452 1800 Roma
490 1739 658 1819 spectaculo
695 1738 767 1799 belli
802 1741 975 1819 interesset,
1013 1739 1091 1818 quod

92 1824 116 1885 in
145 1827 318 1906 gladiatorio
354 1846 478 1888 munere
515 1829 582 1888 fieri
615 1826 705 1908 solet,
744 1846 803 1888 uno
837 1828 1000 1907 eodemque
1029 1847 1091 1888 mo-

95 1923 190 1998 nento,
222 1934 291 1977 cum
323 1919 356 1976 in
388 1919 451 1976 acie
480 1916 593 1976 Cimbri
626 1916 869 1998 succumberent,
900 1916 1028 1996 populus
1060 1920 1091 1977 in

98 2002 156 2064 urbe
177 2004 344 2084 plaudebat.

151 2233 165 2281 1
188 2244 253 2281 cum
279 2226 367 2282 missa
394 2230 524 2297 (cumm
551 2235 698 2283 correctum
725 2244 759 2281 eac
785 2229 892 2296 pugna)
915 2227 943 2280 Β
971 2227 1092 2281 comissa

98 2296 141 2363 [um
155 2315 241 2369 sopra
256 2301 283 2369 o)
296 2299 324 2353 L
339 2302 344 2369 Ι
359 2298 531 2368 legationem
545 2299 572 2352 L
585 2300 595 2368 ll
608 2304 624 2351 2
639 2297 839 2367 impetrassent
852 2296 912 2351 BL
928 2303 932 2363 t
948 2296 1027 2350 nefas
1042 2298 1069 2351 L
1083 2299 1092 2368 l,

98 2368 220 2424 lmutuis
242 2372 267 2439 (s
290 2372 409 2425 tumuit
430 2388 464 2424 m.
484 2372 511 2439 1)
530 2370 558 2422 Β
579 2372 590 2439 ΙΙ
612 2375 629 2421 4
649 2386 666 2423 a
688 2385 767 2424 erasa
787 2375 851 2423 cote
870 2383 885 2420 e
903 2367 931 2420 Β
956 2370 961 2437 Ι
987 2367 1022 2421 ab
1042 2385 1091 2423 orn.

95 2434 391 2523 Blbpependerunt
413 2443 506 2512 (prior
527 2458 547 2509 p
570 2447 689 2496 correcto
711 2457 745 2494 ec
768 2442 797 2509 q)
820 2439 848 2492 Β
873 2440 877 2506 Ι
901 2437 1010 2492 Boleris
1033 2438 1094 2492 BL

96 2506 371 2582 boelens(pn'orem
393 2508 1092 2591 eecpeenxitm.1et2)Nlprimaom.Ollo

96 2580 218 2638 cuntur
237 2584 265 2637 Β
283 2585 293 2652 l
312 2589 328 2637 8
346 2582 458 2637 noricus
477 2583 505 2636 Β
521 2584 525 2652 l
541 2581 680 2636 insideret
694 2582 720 2635 L
737 2586 740 2649 Ι
757 2580 848 2651 elaps1
865 2581 893 2634 Β
913 2581 1012 2650 elapsa
1028 2582 1093 2635 Iob·

68 2652 265 2724 ¹m'ooliugoe
284 2656 311 2723 (e
329 2654 460 2723 masalB
478 2656 488 2723 ΙΙ
506 2659 522 2707 9
541 2654 571 2707 et
586 2653 610 2707 O
626 2669 640 2706 e
655 2653 705 2722 ΒΗ
722 2657 753 2705 10
769 2651 924 2720 essertique
939 2653 988 2722 Lu
1003 2657 1035 2704 12
1050 2652 1093 2705 fas

93 2724 130 2777 et
148 2723 286 2779 sicredere
303 2724 332 2779 Β
350 2725 394 2779 fes
413 2726 457 2778 est
475 2723 515 2778 sio
535 2724 648 2778 eredere
667 2725 701 2778 L.
717 2723 876 2794 Spengelius
895 2722 920 2776 si
938 2725 988 2778 del.
1004 2723 1093 2793 Soup-

87 2794 165 2863 pr'cel
181 2795 257 2864 quod
274 2796 303 2851 Β
321 2798 332 2865 l
353 2801 386 2849 13
405 2794 461 2849 uisi
478 2796 582 2864 praede
601 2795 662 2850 BL
678 2798 681 2864 Ι
698 2797 823 2850 castores
841 2795 869 2849 Β
885 2795 889 2861 Ι
906 2793 1026 2848 laureati
1048 2794 1072 2848 0
1085 2795 1094 2865 ll

90 2868 121 2917 14
131 2864 241 2919 litteras
258 2868 285 2935 (e
298 2873 419 2922 correcto
431 2884 465 2921 ec
479 2869 506 2936 o)
521 2866 548 2920 L
563 2869 567 2935 Ι
583 2866 695 2921 tradere
711 2867 754 2937 011
770 2872 802 2920 15
818 2864 958 2934 cymbriee
973 2865 999 2918 L
1015 2868 1018 2934 Ι
1032 2871 1095 2932 post

90 2932 240 2990 (limbi-icus
267 2938 397 2993 locustum
423 2940 522 2993 statuit
548 2939 680 3005 labetur,
711 2954 773 2992 uoce
801 2936 979 2991 subclamans
1007 2935 1096 3002 explet

87 3005 227 3076 Halmius,
247 3008 295 3062 aed
309 3009 396 3077 plura
414 3009 501 3063 deesse
515 3013 594 3076 putet
618 3010 622 3075 l
647 3015 710 3063 aute
728 3006 849 3061 feliciter
866 3009 947 3061 verba
966 3004 1042 3073 quod
1061 3035 1094 3043 -

86 3076 155 3133 tolet
168 3079 252 3148 ponit
268 3079 387 3133 Iahnius
404 3080 414 3147 ll
433 3083 466 3132 16
484 3080 596 3146 poteest
613 3078 641 3131 Β
659 3080 668 3147 ll
690 3084 720 3132 19
741 3077 853 3132 cimbris
872 3078 906 3131 N
921 3074 1029 3145 cymbri
1045 3075 1072 3128 L
1089 3074 1092 3145 l

85 3148 297 3204 succumberent
314 3150 407 3218 (prior
424 3166 440 3203 c
458 3166 544 3218 sopra
562 3152 678 3219 versum)
697 3150 725 3202 Β
