<?xml version="1.0" encoding="UTF-8"?>
<!DOCTYPE html PUBLIC "-//W3C//DTD XHTML 1.0 Transitional//EN"
    "http://www.w3.org/TR/xhtml1/DTD/xhtml1-transitional.dtd">
<html xmlns="http://www.w3.org/1999/xhtml" xml:lang="en" lang="en">
 <head>
  <title>
</title>
<meta http-equiv="Content-Type" content="text/html;charset=utf-8" />
  <meta name='ocr-system' content='tesseract 3.04.00' />
  <meta name='ocr-capabilities' content='ocr_page ocr_carea ocr_par ocr_line ocrx_word'/>
</head>
<body>
  <div class='ocr_page' id='page_1' title='image "./lannaeifloriepi01florgoog_0177.png"; bbox 0 0 2386 3922; ppageno 0'>
   <div class='ocr_carea' id='block_1_1' title="bbox 487 157 776 209">
    <p class='ocr_par' dir='ltr' id='par_1_1' title="bbox 487 157 776 209">
     <span class='ocr_line' id='line_1_1' title="bbox 487 157 776 209; baseline -0.007 0"><span class='ocrx_word' id='word_1_1' title='bbox 487 157 598 209; x_wconf 82' lang='lat' dir='ltr'><strong>FLORI</strong></span> <span class='ocrx_word' id='word_1_2' title='bbox 616 157 776 208; x_wconf 77' lang='grc' dir='ltr'><strong>ΕΡΙΤΟΜΑ</strong></span> 
     </span>
    </p>
   </div>
   <div class='ocr_carea' id='block_1_2' title="bbox 345 407 915 469">
    <p class='ocr_par' dir='ltr' id='par_1_2' title="bbox 345 407 915 469">
     <span class='ocr_line' id='line_1_2' title="bbox 345 407 915 469; baseline -0.004 0"><span class='ocrx_word' id='word_1_3' title='bbox 345 409 510 469; x_wconf 77' lang='lat' dir='ltr'><strong>XXXVIIII.</strong></span> <span class='ocrx_word' id='word_1_4' title='bbox 543 408 692 468; x_wconf 86' lang='lat' dir='ltr'><strong><em>BELLVM</em></strong></span> <span class='ocrx_word' id='word_1_5' title='bbox 716 407 915 468; x_wconf 80' lang='lat' dir='ltr'><strong>THRACIVII.</strong></span> 
     </span>
    </p>
   </div>
   <div class='ocr_carea' id='block_1_3' title="bbox 24 547 1152 1957">
    <p class='ocr_par' dir='ltr' id='par_1_3' title="bbox 24 547 1152 985">
     <span class='ocr_line' id='line_1_3' title="bbox 24 547 1135 632; baseline -0.003 -20"><span class='ocrx_word' id='word_1_6' title='bbox 24 548 109 632; x_wconf 79' lang='lat'>111‚4</span> <span class='ocrx_word' id='word_1_7' title='bbox 189 552 261 612; x_wconf 85' lang='lat' dir='ltr'><strong>Post</strong></span> <span class='ocrx_word' id='word_1_8' title='bbox 284 551 473 630; x_wconf 88' lang='lat' dir='ltr'><strong>Macedonas,</strong></span> <span class='ocrx_word' id='word_1_9' title='bbox 502 553 527 610; x_wconf 94' lang='lat' dir='ltr'><strong>si</strong></span> <span class='ocrx_word' id='word_1_10' title='bbox 551 551 597 610; x_wconf 90' lang='lat' dir='ltr'><strong>dis</strong></span> <span class='ocrx_word' id='word_1_11' title='bbox 620 549 730 630; x_wconf 85' lang='lat' dir='ltr'><strong>placet,</strong></span> <span class='ocrx_word' id='word_1_12' title='bbox 759 549 889 609; x_wconf 86' lang='lat' dir='ltr'><strong>Thraces</strong></span> <span class='ocrx_word' id='word_1_13' title='bbox 913 548 1074 629; x_wconf 83' lang='lat' dir='ltr'>rebellant,</span> <span class='ocrx_word' id='word_1_14' title='bbox 1096 547 1135 609; x_wconf 92' lang='lat' dir='ltr'><strong>illi</strong></span> 
     </span>
     <span class='ocr_line' id='line_1_4' title="bbox 123 636 1132 720; baseline -0.005 -19"><span class='ocrx_word' id='word_1_15' title='bbox 123 640 272 720; x_wconf 93' lang='lat' dir='ltr'><strong>quondam</strong></span> <span class='ocrx_word' id='word_1_16' title='bbox 304 640 456 700; x_wconf 91' lang='lat' dir='ltr'><strong>tributarii</strong></span> <span class='ocrx_word' id='word_1_17' title='bbox 483 639 691 718; x_wconf 81' lang='lat' dir='ltr'>Macedonum,</span> <span class='ocrx_word' id='word_1_18' title='bbox 724 657 779 699; x_wconf 90' lang='lat' dir='ltr'><strong>nec</strong></span> <span class='ocrx_word' id='word_1_19' title='bbox 811 640 843 697; x_wconf 93' lang='lat' dir='ltr'><strong>in</strong></span> <span class='ocrx_word' id='word_1_20' title='bbox 870 639 1024 717; x_wconf 83' lang='lat' dir='ltr'><strong>proximas</strong></span> <span class='ocrx_word' id='word_1_21' title='bbox 1050 636 1132 697; x_wconf 94' lang='lat' dir='ltr'><strong>modo</strong></span> 
     </span>
     <span class='ocr_line' id='line_1_5' title="bbox 121 725 1131 809; baseline -0.005 -19"><span class='ocrx_word' id='word_1_22' title='bbox 121 731 290 809; x_wconf 89' lang='lat' dir='ltr'><strong>provincias</strong></span> <span class='ocrx_word' id='word_1_23' title='bbox 310 731 441 789; x_wconf 87' lang='lat' dir='ltr'><strong>contenti</strong></span> <span class='ocrx_word' id='word_1_24' title='bbox 460 730 625 809; x_wconf 83' lang='lat' dir='ltr'><strong>Incurrere,</strong></span> <span class='ocrx_word' id='word_1_25' title='bbox 645 726 828 787; x_wconf 81' lang='lat' dir='ltr'><strong>Thessaliam</strong></span> <span class='ocrx_word' id='word_1_26' title='bbox 847 733 936 806; x_wconf 89' lang='lat' dir='ltr'><strong>atque</strong></span> <span class='ocrx_word' id='word_1_27' title='bbox 954 725 1131 805; x_wconf 79' lang='lat' dir='ltr'><strong>Dalmatiam,</strong></span> 
     </span>
     <span class='ocr_line' id='line_1_6' title="bbox 122 814 1152 896; baseline -0.004 -18"><span class='ocrx_word' id='word_1_28' title='bbox 122 821 154 878; x_wconf 92' lang='lat' dir='ltr'><strong>in</strong></span> <span class='ocrx_word' id='word_1_29' title='bbox 177 817 380 878; x_wconf 84' lang='lat' dir='ltr'><strong>Hadriaticum</strong></span> <span class='ocrx_word' id='word_1_30' title='bbox 403 834 484 877; x_wconf 93' lang='lat' dir='ltr'><strong>mare</strong></span> <span class='ocrx_word' id='word_1_31' title='bbox 506 834 602 895; x_wconf 89' lang='lat' dir='ltr'><strong>usque</strong></span> <span class='ocrx_word' id='word_1_32' title='bbox 625 823 784 896; x_wconf 80' lang='lat' dir='ltr'><strong>venerunt3</strong></span> <span class='ocrx_word' id='word_1_33' title='bbox 808 833 903 894; x_wconf 90' lang='lat' dir='ltr'><strong>eoque</strong></span> <span class='ocrx_word' id='word_1_34' title='bbox 927 816 987 875; x_wconf 89' lang='lat' dir='ltr'><strong>fine</strong></span> <span class='ocrx_word' id='word_1_35' title='bbox 1007 814 1152 875; x_wconf 71' lang='lat' dir='ltr'><strong>contendi</strong></span> 
     </span>
     <span class='ocr_line' id='line_1_7' title="bbox 123 901 1128 985; baseline -0.007 -18"><span class='ocrx_word' id='word_1_36' title='bbox 123 909 209 985; x_wconf 90' lang='lat' dir='ltr'><strong>quasi</strong></span> <span class='ocrx_word' id='word_1_37' title='bbox 240 908 456 966; x_wconf 89' lang='lat' dir='ltr'><strong>interveniente</strong></span> <span class='ocrx_word' id='word_1_38' title='bbox 489 912 594 965; x_wconf 90' lang='lat' dir='ltr'><strong>natura</strong></span> <span class='ocrx_word' id='word_1_39' title='bbox 629 911 763 965; x_wconf 92' lang='lat' dir='ltr'><strong>contorta</strong></span> <span class='ocrx_word' id='word_1_40' title='bbox 791 905 822 962; x_wconf 94' lang='lat' dir='ltr'><strong>in</strong></span> <span class='ocrx_word' id='word_1_41' title='bbox 850 906 931 983; x_wconf 90' lang='lat' dir='ltr'><strong>ipsas</strong></span> <span class='ocrx_word' id='word_1_42' title='bbox 958 922 1050 982; x_wconf 89' lang='lat' dir='ltr'><strong>aquas</strong></span> <span class='ocrx_word' id='word_1_43' title='bbox 1078 901 1128 962; x_wconf 87' lang='lat' dir='ltr'><strong>tela</strong></span> 
     </span>
    </p>

    <p class='ocr_par' dir='ltr' id='par_1_4' title="bbox 86 991 1152 1957">
     <span class='ocr_line' id='line_1_8' title="bbox 87 991 1126 1072; baseline -0.003 -18"><span class='ocrx_word' id='word_1_44' title='bbox 87 997 277 1055; x_wconf 81' lang='lat' dir='ltr'><strong>amiserunt.</strong></span> <span class='ocrx_word' id='word_1_45' title='bbox 324 993 399 1053; x_wconf 91' lang='lat' dir='ltr'><strong>nihil</strong></span> <span class='ocrx_word' id='word_1_46' title='bbox 431 996 551 1053; x_wconf 91' lang='lat' dir='ltr'><strong>interim</strong></span> <span class='ocrx_word' id='word_1_47' title='bbox 580 1011 635 1072; x_wconf 91' lang='lat' dir='ltr'><strong>per</strong></span> <span class='ocrx_word' id='word_1_48' title='bbox 663 992 692 1051; x_wconf 90' lang='lat' dir='ltr'><strong>id</strong></span> <span class='ocrx_word' id='word_1_49' title='bbox 722 1011 808 1052; x_wconf 91' lang='lat' dir='ltr'><strong>omne</strong></span> <span class='ocrx_word' id='word_1_50' title='bbox 836 999 956 1071; x_wconf 90' lang='lat' dir='ltr'><strong>tempus</strong></span> <span class='ocrx_word' id='word_1_51' title='bbox 984 991 1126 1052; x_wconf 91' lang='lat' dir='ltr'><strong>residuum</strong></span> 
     </span>
     <span class='ocr_line' id='line_1_9' title="bbox 123 1080 1125 1160; baseline -0.006 -16"><span class='ocrx_word' id='word_1_52' title='bbox 123 1084 308 1144; x_wconf 81' lang='lat' dir='ltr'><strong>crudelitatis</strong></span> <span class='ocrx_word' id='word_1_53' title='bbox 336 1083 393 1143; x_wconf 86' lang='lat' dir='ltr'><strong>fuit</strong></span> <span class='ocrx_word' id='word_1_54' title='bbox 420 1085 451 1141; x_wconf 92' lang='lat' dir='ltr'><strong>in</strong></span> <span class='ocrx_word' id='word_1_55' title='bbox 479 1084 610 1160; x_wconf 83' lang='lat' dir='ltr'><strong>captivos</strong></span> <span class='ocrx_word' id='word_1_56' title='bbox 639 1080 851 1142; x_wconf 83' lang='lat' dir='ltr'><strong>saevientibus:</strong></span> <span class='ocrx_word' id='word_1_57' title='bbox 880 1081 966 1141; x_wconf 94' lang='lat' dir='ltr'><strong>litare</strong></span> <span class='ocrx_word' id='word_1_58' title='bbox 990 1081 1048 1140; x_wconf 93' lang='lat' dir='ltr'><strong>diis</strong></span> <span class='ocrx_word' id='word_1_59' title='bbox 1070 1097 1125 1138; x_wconf 91' lang='lat' dir='ltr'><strong>san·</strong></span> 
     </span>
     <span class='ocr_line' id='line_1_10' title="bbox 123 1156 1152 1251; baseline -0.007 -19"><span class='ocrx_word' id='word_1_60' title='bbox 123 1176 212 1250; x_wconf 85' lang='lat' dir='ltr'><strong>guine</strong></span> <span class='ocrx_word' id='word_1_61' title='bbox 240 1172 382 1251; x_wconf 85' lang='lat' dir='ltr'><strong>humano,</strong></span> <span class='ocrx_word' id='word_1_62' title='bbox 410 1170 513 1231; x_wconf 89' lang='lat' dir='ltr'><strong>bibere</strong></span> <span class='ocrx_word' id='word_1_63' title='bbox 541 1173 573 1230; x_wconf 95' lang='lat' dir='ltr'><strong>in</strong></span> <span class='ocrx_word' id='word_1_64' title='bbox 597 1170 715 1230; x_wconf 91' lang='lat' dir='ltr'><strong>ossibus</strong></span> <span class='ocrx_word' id='word_1_65' title='bbox 740 1172 883 1249; x_wconf 88' lang='lat' dir='ltr'><strong>capitum,</strong></span> <span class='ocrx_word' id='word_1_66' title='bbox 911 1162 1123 1248; x_wconf 89' lang='lat' dir='ltr'><strong>cuiusquemodi</strong></span> <span class='ocrx_word' id='word_1_67' title='bbox 1147 1156 1152 1169; x_wconf 56' lang='lat'>¹</span> 
     </span>
     <span class='ocr_line' id='line_1_11' title="bbox 122 1236 1152 1338; baseline -0.007 -19"><span class='ocrx_word' id='word_1_68' title='bbox 122 1260 260 1321; x_wconf 90' lang='lat' dir='ltr'><strong>ludibriis</strong></span> <span class='ocrx_word' id='word_1_69' title='bbox 291 1260 409 1319; x_wconf 87' lang='lat' dir='ltr'><strong>foedare</strong></span> <span class='ocrx_word' id='word_1_70' title='bbox 443 1266 570 1318; x_wconf 91' lang='lat' dir='ltr'><strong>mortem</strong></span> <span class='ocrx_word' id='word_1_71' title='bbox 601 1267 663 1319; x_wconf 93' lang='lat' dir='ltr'><strong>tam</strong></span> <span class='ocrx_word' id='word_1_72' title='bbox 694 1261 757 1337; x_wconf 83' lang='lat' dir='ltr'><strong>igni</strong></span> <span class='ocrx_word' id='word_1_73' title='bbox 790 1275 878 1336; x_wconf 90' lang='lat' dir='ltr'><strong>quam</strong></span> <span class='ocrx_word' id='word_1_74' title='bbox 907 1258 1002 1338; x_wconf 82' lang='lat' dir='ltr'><strong>sumo,</strong></span> <span class='ocrx_word' id='word_1_75' title='bbox 1033 1236 1152 1335; x_wconf 59' lang='lat' dir='ltr'><strong>partus!</strong></span> 
     </span>
     <span class='ocr_line' id='line_1_12' title="bbox 86 1346 1120 1428; baseline -0.007 -19"><span class='ocrx_word' id='word_1_76' title='bbox 86 1361 239 1428; x_wconf 72' lang='lat' dir='ltr'><strong>equoque</strong></span> <span class='ocrx_word' id='word_1_77' title='bbox 264 1349 451 1427; x_wconf 86' lang='lat' dir='ltr'><strong>gravidarum</strong></span> <span class='ocrx_word' id='word_1_78' title='bbox 474 1346 634 1408; x_wconf 89' lang='lat' dir='ltr'><strong>mulierum</strong></span> <span class='ocrx_word' id='word_1_79' title='bbox 657 1355 843 1426; x_wconf 84' lang='lat' dir='ltr'><strong>extorquere</strong></span> <span class='ocrx_word' id='word_1_80' title='bbox 859 1349 1027 1407; x_wconf 80' lang='lat' dir='ltr'><strong>tormentis,</strong></span> <span class='ocrx_word' id='word_1_81' title='bbox 1070 1361 1120 1404; x_wconf 88' lang='lat' dir='ltr'><strong>sae·</strong></span> 
     </span>
     <span class='ocr_line' id='line_1_13' title="bbox 122 1433 1119 1515; baseline -0.003 -22"><span class='ocrx_word' id='word_1_82' title='bbox 122 1439 237 1498; x_wconf 90' lang='lat' dir='ltr'><strong>vissimi</strong></span> <span class='ocrx_word' id='word_1_83' title='bbox 266 1439 399 1497; x_wconf 91' lang='lat' dir='ltr'><strong>omnium</strong></span> <span class='ocrx_word' id='word_1_84' title='bbox 426 1436 574 1495; x_wconf 89' lang='lat' dir='ltr'><strong>Thracum</strong></span> <span class='ocrx_word' id='word_1_85' title='bbox 602 1435 752 1496; x_wconf 81' lang='lat' dir='ltr'><strong>Scordisci</strong></span> <span class='ocrx_word' id='word_1_86' title='bbox 781 1435 878 1515; x_wconf 85' lang='lat' dir='ltr'><strong>luere,</strong></span> <span class='ocrx_word' id='word_1_87' title='bbox 911 1434 965 1495; x_wconf 87' lang='lat' dir='ltr'><strong>sed</strong></span> <span class='ocrx_word' id='word_1_88' title='bbox 993 1433 1119 1495; x_wconf 87' lang='lat' dir='ltr'><strong>calliditas</strong></span> 
     </span>
     <span class='ocr_line' id='line_1_14' title="bbox 86 1522 1152 1607; baseline -0.006 -23"><span class='ocrx_word' id='word_1_89' title='bbox 86 1537 242 1605; x_wconf 72' lang='lat' dir='ltr'><strong>equoque</strong></span> <span class='ocrx_word' id='word_1_90' title='bbox 270 1526 306 1585; x_wconf 93' lang='lat' dir='ltr'><strong>ad</strong></span> <span class='ocrx_word' id='word_1_91' title='bbox 334 1524 426 1584; x_wconf 91' lang='lat' dir='ltr'><strong>robur</strong></span> <span class='ocrx_word' id='word_1_92' title='bbox 454 1532 633 1585; x_wconf 89' lang='lat' dir='ltr'><strong>accesserat:</strong></span> <span class='ocrx_word' id='word_1_93' title='bbox 662 1524 802 1584; x_wconf 91' lang='lat' dir='ltr'><strong>silvarum</strong></span> <span class='ocrx_word' id='word_1_94' title='bbox 831 1529 860 1583; x_wconf 92' lang='lat' dir='ltr'><strong>et</strong></span> <span class='ocrx_word' id='word_1_95' title='bbox 887 1525 1034 1583; x_wconf 93' lang='lat' dir='ltr'><strong>montium</strong></span> <span class='ocrx_word' id='word_1_96' title='bbox 1059 1522 1152 1607; x_wconf 39' lang='lat' dir='ltr'><strong>situs!</strong></span> 
     </span>
     <span class='ocr_line' id='line_1_15' title="bbox 122 1605 1152 1695; baseline -0.001 -21"><span class='ocrx_word' id='word_1_97' title='bbox 122 1633 190 1674; x_wconf 91' lang='lat' dir='ltr'><strong>cum</strong></span> <span class='ocrx_word' id='word_1_98' title='bbox 223 1615 341 1692; x_wconf 84' lang='lat' dir='ltr'><strong>iugenio</strong></span> <span class='ocrx_word' id='word_1_99' title='bbox 376 1612 608 1673; x_wconf 90' lang='lat' dir='ltr'><strong>consentiebant.</strong></span> <span class='ocrx_word' id='word_1_100' title='bbox 654 1615 754 1691; x_wconf 90' lang='lat' dir='ltr'><strong>itaque</strong></span> <span class='ocrx_word' id='word_1_101' title='bbox 784 1631 845 1672; x_wconf 92' lang='lat' dir='ltr'><strong>non</strong></span> <span class='ocrx_word' id='word_1_102' title='bbox 872 1612 958 1673; x_wconf 84' lang='lat' dir='ltr'><strong>susus</strong></span> <span class='ocrx_word' id='word_1_103' title='bbox 984 1611 1067 1670; x_wconf 95' lang='lat' dir='ltr'><strong>modo</strong></span> <span class='ocrx_word' id='word_1_104' title='bbox 1090 1605 1117 1666; x_wconf 87' lang='lat' dir='ltr'><strong>ab</strong></span> <span class='ocrx_word' id='word_1_105' title='bbox 1135 1616 1152 1695; x_wconf 27' lang='grc' dir='ltr'><strong>..Ι</strong></span> 
     </span>
     <span class='ocr_line' id='line_1_16' title="bbox 121 1700 1115 1781; baseline -0.004 -21"><span class='ocrx_word' id='word_1_106' title='bbox 121 1702 169 1761; x_wconf 92' lang='lat' dir='ltr'><strong>his</strong></span> <span class='ocrx_word' id='word_1_107' title='bbox 193 1708 243 1762; x_wconf 87' lang='lat' dir='ltr'><strong>aut</strong></span> <span class='ocrx_word' id='word_1_108' title='bbox 266 1702 397 1781; x_wconf 78' lang='lat' dir='ltr'><strong>fugatus,</strong></span> <span class='ocrx_word' id='word_1_109' title='bbox 420 1700 472 1761; x_wconf 87' lang='lat' dir='ltr'><strong>sed</strong></span> <span class='ocrx_word' id='word_1_110' title='bbox 496 1735 538 1743; x_wconf 96' lang='lat'><strong>—</strong></span> <span class='ocrx_word' id='word_1_111' title='bbox 564 1701 658 1762; x_wconf 91' lang='lat' dir='ltr'><strong>simile</strong></span> <span class='ocrx_word' id='word_1_112' title='bbox 682 1701 819 1779; x_wconf 85' lang='lat' dir='ltr'><strong>prodigio</strong></span> <span class='ocrx_word' id='word_1_113' title='bbox 843 1735 885 1742; x_wconf 92' lang='lat'><em>-</em></span> <span class='ocrx_word' id='word_1_114' title='bbox 909 1702 1030 1760; x_wconf 92' lang='lat' dir='ltr'><strong>omnino</strong></span> <span class='ocrx_word' id='word_1_115' title='bbox 1051 1703 1115 1758; x_wconf 82' lang='lat' dir='ltr'><strong>totus</strong></span> 
     </span>
     <span class='ocr_line' id='line_1_17' title="bbox 86 1788 1115 1867; baseline -0.006 -19"><span class='ocrx_word' id='word_1_116' title='bbox 86 1792 307 1867; x_wconf 73' lang='lat' dir='ltr'><strong>tinterceptus</strong></span> <span class='ocrx_word' id='word_1_117' title='bbox 337 1791 486 1848; x_wconf 82' lang='lat' dir='ltr'><strong>exercitus</strong></span> <span class='ocrx_word' id='word_1_118' title='bbox 515 1808 604 1867; x_wconf 85' lang='lat' dir='ltr'><strong>quem</strong></span> <span class='ocrx_word' id='word_1_119' title='bbox 633 1790 757 1850; x_wconf 83' lang='lat' dir='ltr'><strong>duxerat</strong></span> <span class='ocrx_word' id='word_1_120' title='bbox 785 1789 865 1849; x_wconf 82' lang='lat' dir='ltr'><strong>Cato.</strong></span> <span class='ocrx_word' id='word_1_121' title='bbox 916 1788 1020 1848; x_wconf 89' lang='lat' dir='ltr'><strong>Didius</strong></span> <span class='ocrx_word' id='word_1_122' title='bbox 1046 1799 1115 1862; x_wconf 83' lang='lat' dir='ltr'><strong>vagos</strong></span> 
     </span>
     <span class='ocr_line' id='line_1_18' title="bbox 122 1875 1152 1957; baseline -0.005 -20"><span class='ocrx_word' id='word_1_123' title='bbox 122 1885 152 1937; x_wconf 91' lang='lat' dir='ltr'><strong>et</strong></span> <span class='ocrx_word' id='word_1_124' title='bbox 179 1877 272 1937; x_wconf 89' lang='lat' dir='ltr'><strong>libera</strong></span> <span class='ocrx_word' id='word_1_125' title='bbox 300 1876 489 1955; x_wconf 89' lang='lat' dir='ltr'><strong>populatione</strong></span> <span class='ocrx_word' id='word_1_126' title='bbox 519 1878 643 1939; x_wconf 84' lang='lat' dir='ltr'><strong>diffusos</strong></span> <span class='ocrx_word' id='word_1_127' title='bbox 672 1881 750 1938; x_wconf 91' lang='lat' dir='ltr'><strong>intra</strong></span> <span class='ocrx_word' id='word_1_128' title='bbox 778 1897 863 1938; x_wconf 93' lang='lat' dir='ltr'><strong>suam</strong></span> <span class='ocrx_word' id='word_1_129' title='bbox 890 1876 1021 1957; x_wconf 88' lang='lat' dir='ltr'><strong>reppulit</strong></span> <span class='ocrx_word' id='word_1_130' title='bbox 1042 1875 1114 1934; x_wconf 87' lang='lat' dir='ltr'><strong>Thra·</strong></span> <span class='ocrx_word' id='word_1_131' title='bbox 1142 1888 1152 1951; x_wconf 63' lang='grc' dir='ltr'><strong>ς</strong></span> 
     </span>
    </p>
   </div>
   <div class='ocr_carea' id='block_1_4' title="bbox 121 1956 1152 2136">
    <p class='ocr_par' dir='ltr' id='par_1_5' title="bbox 121 1956 1152 2136">
     <span class='ocr_line' id='line_1_19' title="bbox 122 1956 1152 2045; baseline 0.001 -21"><span class='ocrx_word' id='word_1_132' title='bbox 122 1967 205 2024; x_wconf 90' lang='lat' dir='ltr'><strong>ciam.</strong></span> <span class='ocrx_word' id='word_1_133' title='bbox 252 1965 366 2026; x_wconf 85' lang='lat' dir='ltr'><strong>Drusus</strong></span> <span class='ocrx_word' id='word_1_134' title='bbox 394 1965 520 2025; x_wconf 89' lang='lat' dir='ltr'><strong>ulterius</strong></span> <span class='ocrx_word' id='word_1_135' title='bbox 549 1970 610 2045; x_wconf 85' lang='lat' dir='ltr'><strong>egit</strong></span> <span class='ocrx_word' id='word_1_136' title='bbox 637 1975 667 2027; x_wconf 91' lang='lat' dir='ltr'><strong>et</strong></span> <span class='ocrx_word' id='word_1_137' title='bbox 692 1969 786 2026; x_wconf 90' lang='lat' dir='ltr'><strong>vetuit</strong></span> <span class='ocrx_word' id='word_1_138' title='bbox 808 1968 937 2026; x_wconf 91' lang='lat' dir='ltr'><strong>transire</strong></span> <span class='ocrx_word' id='word_1_139' title='bbox 962 1965 1114 2026; x_wconf 84' lang='lat' dir='ltr'><strong>Danuvium</strong></span> <span class='ocrx_word' id='word_1_140' title='bbox 1145 1956 1152 2025; x_wconf 79' lang='lat' dir='ltr'><strong>l</strong></span> 
     </span>
     <span class='ocr_line' id='line_1_20' title="bbox 121 2036 1152 2136; baseline 0.005 -24"><span class='ocrx_word' id='word_1_141' title='bbox 121 2054 268 2114; x_wconf 90' lang='lat' dir='ltr'><strong>Minucius</strong></span> <span class='ocrx_word' id='word_1_142' title='bbox 292 2062 354 2114; x_wconf 89' lang='lat' dir='ltr'><strong>toto</strong></span> <span class='ocrx_word' id='word_1_143' title='bbox 377 2057 501 2114; x_wconf 91' lang='lat' dir='ltr'><strong>vastavit</strong></span> <span class='ocrx_word' id='word_1_144' title='bbox 519 2055 628 2136; x_wconf 77' lang='lat' dir='ltr'><strong>Hebro,</strong></span> <span class='ocrx_word' id='word_1_145' title='bbox 651 2055 753 2115; x_wconf 91' lang='lat' dir='ltr'><strong>multis</strong></span> <span class='ocrx_word' id='word_1_146' title='bbox 774 2054 895 2134; x_wconf 90' lang='lat' dir='ltr'><strong>quidem</strong></span> <span class='ocrx_word' id='word_1_147' title='bbox 914 2056 1040 2133; x_wconf 73' lang='lat' dir='ltr'><strong>amissis7</strong></span> <span class='ocrx_word' id='word_1_148' title='bbox 1060 2051 1114 2110; x_wconf 86' lang='lat' dir='ltr'><strong>dm</strong></span> <span class='ocrx_word' id='word_1_149' title='bbox 1136 2036 1152 2117; x_wconf 74' lang='lat' dir='ltr'><strong>i</strong></span> 
     </span>
    </p>
   </div>
   <div class='ocr_carea' id='block_1_5' title="bbox 114 2235 1141 3589">
    <p class='ocr_par' dir='ltr' id='par_1_6' title="bbox 114 2235 1141 3589">
     <span class='ocr_line' id='line_1_21' title="bbox 193 2235 1141 2312; baseline 0.003 -18"><span class='ocrx_word' id='word_1_150' title='bbox 193 2248 207 2294; x_wconf 91' lang='lat'>1</span> <span class='ocrx_word' id='word_1_151' title='bbox 230 2258 289 2296; x_wconf 79' lang='lat' dir='ltr'><strong>nnn</strong></span> <span class='ocrx_word' id='word_1_152' title='bbox 312 2258 377 2298; x_wconf 84' lang='lat' dir='ltr'><strong>nun</strong></span> <span class='ocrx_word' id='word_1_153' title='bbox 401 2245 474 2311; x_wconf 79' lang='lat' dir='ltr'><strong>(poci</strong></span> <span class='ocrx_word' id='word_1_154' title='bbox 493 2246 616 2312; x_wconf 81' lang='lat' dir='ltr'><strong>priorem</strong></span> <span class='ocrx_word' id='word_1_155' title='bbox 637 2257 656 2295; x_wconf 85' lang='lat' dir='ltr'><strong>n</strong></span> <span class='ocrx_word' id='word_1_156' title='bbox 680 2258 759 2297; x_wconf 77' lang='lat' dir='ltr'><strong>erosa</strong></span> <span class='ocrx_word' id='word_1_157' title='bbox 781 2245 810 2310; x_wconf 83' lang='lat' dir='ltr'><strong>n)</strong></span> <span class='ocrx_word' id='word_1_158' title='bbox 835 2256 1038 2297; x_wconf 78' lang='lat' dir='ltr'><strong>rmnrmon</strong></span> <span class='ocrx_word' id='word_1_159' title='bbox 1058 2235 1113 2308; x_wconf 76' lang='lat' dir='ltr'><strong>(pri-</strong></span> <span class='ocrx_word' id='word_1_160' title='bbox 1138 2302 1141 2307; x_wconf 65' lang='grc'>,</span> 
     </span>
     <span class='ocr_line' id='line_1_22' title="bbox 120 2313 1141 2383; baseline -0.004 -14"><span class='ocrx_word' id='word_1_161' title='bbox 120 2330 179 2368; x_wconf 88' lang='lat' dir='ltr'><strong>moe</strong></span> <span class='ocrx_word' id='word_1_162' title='bbox 198 2320 252 2369; x_wconf 83' lang='lat' dir='ltr'><strong>tres</strong></span> <span class='ocrx_word' id='word_1_163' title='bbox 271 2316 376 2369; x_wconf 82' lang='lat' dir='ltr'><strong>litterae</strong></span> <span class='ocrx_word' id='word_1_164' title='bbox 395 2316 506 2383; x_wconf 74' lang='lat' dir='ltr'><strong>liparae)</strong></span> <span class='ocrx_word' id='word_1_165' title='bbox 521 2315 555 2367; x_wconf 89' lang='lat' dir='ltr'><strong><em>N</em></strong></span> <span class='ocrx_word' id='word_1_166' title='bbox 567 2316 571 2382; x_wconf 99' lang='grc' dir='ltr'>Ι</span> <span class='ocrx_word' id='word_1_167' title='bbox 588 2327 769 2367; x_wconf 77' lang='lat' dir='ltr'><strong>rnnnrmvm</strong></span> <span class='ocrx_word' id='word_1_168' title='bbox 783 2335 825 2367; x_wconf 71' lang='lat' dir='ltr'><strong>m.</strong></span> <span class='ocrx_word' id='word_1_169' title='bbox 840 2314 867 2367; x_wconf 89' lang='lat' dir='ltr'><strong><em>L</em></strong></span> <span class='ocrx_word' id='word_1_170' title='bbox 885 2315 895 2383; x_wconf 96' lang='grc' dir='ltr'><strong>ΙΙ</strong></span> <span class='ocrx_word' id='word_1_171' title='bbox 916 2319 932 2366; x_wconf 81' lang='lat'>2</span> <span class='ocrx_word' id='word_1_172' title='bbox 953 2313 993 2366; x_wconf 90' lang='lat' dir='ltr'><strong>sic</strong></span> <span class='ocrx_word' id='word_1_173' title='bbox 1009 2315 1033 2381; x_wconf 82' lang='lat' dir='ltr'><strong>(o</strong></span> <span class='ocrx_word' id='word_1_174' title='bbox 1045 2322 1112 2378; x_wconf 76' lang='lat' dir='ltr'><strong>rupto</strong></span> <span class='ocrx_word' id='word_1_175' title='bbox 1138 2328 1141 2373; x_wconf 73' lang='grc' dir='ltr'>ς</span> 
     </span>
     <span class='ocr_line' id='line_1_23' title="bbox 120 2379 1112 2455; baseline -0.007 -15"><span class='ocrx_word' id='word_1_176' title='bbox 120 2403 227 2440; x_wconf 80' lang='lat' dir='ltr'><strong>versem</strong></span> <span class='ocrx_word' id='word_1_177' title='bbox 244 2403 278 2440; x_wconf 92' lang='lat' dir='ltr'><strong>m.</strong></span> <span class='ocrx_word' id='word_1_178' title='bbox 298 2388 325 2455; x_wconf 89' lang='lat'><strong>1)</strong></span> <span class='ocrx_word' id='word_1_179' title='bbox 344 2386 371 2439; x_wconf 99' lang='grc' dir='ltr'>Β</span> <span class='ocrx_word' id='word_1_180' title='bbox 393 2387 396 2453; x_wconf 98' lang='grc' dir='ltr'>Ι</span> <span class='ocrx_word' id='word_1_181' title='bbox 418 2383 472 2437; x_wconf 91' lang='lat' dir='ltr'><strong>diis</strong></span> <span class='ocrx_word' id='word_1_182' title='bbox 492 2385 532 2454; x_wconf 79' lang='grc'><strong>0)</strong></span> <span class='ocrx_word' id='word_1_183' title='bbox 548 2383 727 2438; x_wconf 86' lang='lat' dir='ltr'><strong>rebellabant</strong></span> <span class='ocrx_word' id='word_1_184' title='bbox 748 2384 788 2452; x_wconf 84' lang='grc'><strong>0)</strong></span> <span class='ocrx_word' id='word_1_185' title='bbox 804 2383 860 2453; x_wconf 89' lang='lat' dir='ltr'><strong>ipsi</strong></span> <span class='ocrx_word' id='word_1_186' title='bbox 881 2383 928 2452; x_wconf 76' lang='grc' dir='ltr'><strong>ΟΙΙ</strong></span> <span class='ocrx_word' id='word_1_187' title='bbox 946 2388 964 2436; x_wconf 86' lang='grc'>4</span> <span class='ocrx_word' id='word_1_188' title='bbox 982 2379 1112 2437; x_wconf 83' lang='lat' dir='ltr'><strong>thesaliam</strong></span> 
     </span>
     <span class='ocr_line' id='line_1_24' title="bbox 120 2447 1112 2526; baseline -0.003 -18"><span class='ocrx_word' id='word_1_189' title='bbox 120 2456 147 2509; x_wconf 94' lang='grc' dir='ltr'>Β</span> <span class='ocrx_word' id='word_1_190' title='bbox 164 2459 168 2525; x_wconf 96' lang='grc' dir='ltr'>Ι</span> <span class='ocrx_word' id='word_1_191' title='bbox 185 2457 270 2522; x_wconf 86' lang='lat' dir='ltr'><strong>atque</strong></span> <span class='ocrx_word' id='word_1_192' title='bbox 289 2459 312 2524; x_wconf 78' lang='lat' dir='ltr'><strong>(t</strong></span> <span class='ocrx_word' id='word_1_193' title='bbox 329 2475 363 2510; x_wconf 89' lang='lat' dir='ltr'><strong>m.</strong></span> <span class='ocrx_word' id='word_1_194' title='bbox 380 2461 395 2509; x_wconf 90' lang='lat'><strong><em>1</em></strong></span> <span class='ocrx_word' id='word_1_195' title='bbox 410 2462 531 2510; x_wconf 85' lang='lat' dir='ltr'><strong>correcto</strong></span> <span class='ocrx_word' id='word_1_196' title='bbox 548 2473 582 2510; x_wconf 79' lang='lat' dir='ltr'><strong>ero</strong></span> <span class='ocrx_word' id='word_1_197' title='bbox 596 2456 625 2525; x_wconf 85' lang='lat' dir='ltr'><strong>d)</strong></span> <span class='ocrx_word' id='word_1_198' title='bbox 643 2455 677 2508; x_wconf 89' lang='lat' dir='ltr'><em>N</em></span> <span class='ocrx_word' id='word_1_199' title='bbox 687 2457 696 2523; x_wconf 96' lang='grc' dir='ltr'><strong>ΙΙ</strong></span> <span class='ocrx_word' id='word_1_200' title='bbox 711 2459 726 2507; x_wconf 81' lang='lat'>5</span> <span class='ocrx_word' id='word_1_201' title='bbox 742 2454 913 2508; x_wconf 80' lang='lat' dir='ltr'><strong>adriaticum</strong></span> <span class='ocrx_word' id='word_1_202' title='bbox 927 2455 956 2508; x_wconf 94' lang='lat' dir='ltr'><strong><em>B</em></strong></span> <span class='ocrx_word' id='word_1_203' title='bbox 973 2457 977 2525; x_wconf 95' lang='grc' dir='ltr'>Ι</span> <span class='ocrx_word' id='word_1_204' title='bbox 992 2447 1112 2526; x_wconf 64' lang='lat' dir='ltr'><strong>irruerunt</strong></span> 
     </span>
     <span class='ocr_line' id='line_1_25' title="bbox 120 2519 1112 2595; baseline -0.004 -16"><span class='ocrx_word' id='word_1_205' title='bbox 120 2527 157 2580; x_wconf 89' lang='lat' dir='ltr'><strong>N.</strong></span> <span class='ocrx_word' id='word_1_206' title='bbox 177 2527 312 2580; x_wconf 78' lang='lat' dir='ltr'><strong>Heinsius</strong></span> <span class='ocrx_word' id='word_1_207' title='bbox 328 2528 332 2594; x_wconf 97' lang='grc' dir='ltr'>Ι</span> <span class='ocrx_word' id='word_1_208' title='bbox 348 2525 398 2579; x_wconf 90' lang='lat' dir='ltr'><strong>fini</strong></span> <span class='ocrx_word' id='word_1_209' title='bbox 416 2528 426 2594; x_wconf 91' lang='lat'>(</span> <span class='ocrx_word' id='word_1_210' title='bbox 428 2528 603 2593; x_wconf 85' lang='lat' dir='ltr'><strong>posteriorem</strong></span> <span class='ocrx_word' id='word_1_211' title='bbox 621 2525 631 2578; x_wconf 93' lang='lat' dir='ltr'><strong>i</strong></span> <span class='ocrx_word' id='word_1_212' title='bbox 648 2528 681 2580; x_wconf 84' lang='lat' dir='ltr'><strong>im</strong></span> <span class='ocrx_word' id='word_1_213' title='bbox 699 2542 714 2579; x_wconf 94' lang='lat' dir='ltr'><strong>e</strong></span> <span class='ocrx_word' id='word_1_214' title='bbox 733 2528 944 2595; x_wconf 71' lang='lat' dir='ltr'><strong>proteritur)</strong></span> <span class='ocrx_word' id='word_1_215' title='bbox 964 2525 998 2580; x_wconf 90' lang='lat' dir='ltr'><em>N</em></span> <span class='ocrx_word' id='word_1_216' title='bbox 1010 2528 1014 2594; x_wconf 97' lang='grc' dir='ltr'>Ι</span> <span class='ocrx_word' id='word_1_217' title='bbox 1028 2519 1112 2577; x_wconf 77' lang='lat' dir='ltr'><strong>retent</strong></span> 
     </span>
     <span class='ocr_line' id='line_1_26' title="bbox 122 2591 1112 2660; baseline 0.001 -11"><span class='ocrx_word' id='word_1_218' title='bbox 122 2596 257 2650; x_wconf 77' lang='lat' dir='ltr'><strong>Graevius</strong></span> <span class='ocrx_word' id='word_1_219' title='bbox 281 2595 399 2649; x_wconf 91' lang='lat' dir='ltr'><strong>cohibiti</strong></span> <span class='ocrx_word' id='word_1_220' title='bbox 417 2598 580 2652; x_wconf 71' lang='lat' dir='ltr'><strong>Perizonius</strong></span> <span class='ocrx_word' id='word_1_221' title='bbox 602 2595 772 2651; x_wconf 87' lang='lat' dir='ltr'><strong>continentis</strong></span> <span class='ocrx_word' id='word_1_222' title='bbox 798 2596 834 2651; x_wconf 87' lang='lat' dir='ltr'><strong>F.</strong></span> <span class='ocrx_word' id='word_1_223' title='bbox 854 2598 889 2651; x_wconf 84' lang='grc' dir='ltr'><strong>Β.</strong></span> <span class='ocrx_word' id='word_1_224' title='bbox 910 2597 1058 2652; x_wconf 79' lang='lat' dir='ltr'><strong>Koelrlems</strong></span> <span class='ocrx_word' id='word_1_225' title='bbox 1076 2591 1112 2660; x_wconf 75' lang='grc' dir='ltr'><strong>Ιθ</strong></span> 
     </span>
     <span class='ocr_line' id='line_1_27' title="bbox 120 2662 1113 2737; baseline -0.003 -18"><span class='ocrx_word' id='word_1_226' title='bbox 120 2668 262 2719; x_wconf 87' lang='lat' dir='ltr'><strong>contortas</strong></span> <span class='ocrx_word' id='word_1_227' title='bbox 286 2667 320 2720; x_wconf 91' lang='lat' dir='ltr'><em>N</em></span> <span class='ocrx_word' id='word_1_228' title='bbox 336 2669 345 2735; x_wconf 94' lang='grc' dir='ltr'><strong>ΙΙ</strong></span> <span class='ocrx_word' id='word_1_229' title='bbox 369 2672 383 2718; x_wconf 81' lang='grc'>7</span> <span class='ocrx_word' id='word_1_230' title='bbox 406 2667 571 2737; x_wconf 88' lang='lat' dir='ltr'><strong>peridomne</strong></span> <span class='ocrx_word' id='word_1_231' title='bbox 594 2668 621 2721; x_wconf 93' lang='lat' dir='ltr'><strong><em>L</em></strong></span> <span class='ocrx_word' id='word_1_232' title='bbox 648 2667 728 2737; x_wconf 90' lang='lat' dir='ltr'><strong>perdi</strong></span> <span class='ocrx_word' id='word_1_233' title='bbox 752 2684 834 2722; x_wconf 90' lang='lat' dir='ltr'><strong>omne</strong></span> <span class='ocrx_word' id='word_1_234' title='bbox 858 2667 892 2720; x_wconf 90' lang='lat' dir='ltr'><strong><em>N</em></strong></span> <span class='ocrx_word' id='word_1_235' title='bbox 910 2684 960 2736; x_wconf 89' lang='lat' dir='ltr'><strong>per</strong></span> <span class='ocrx_word' id='word_1_236' title='bbox 983 2662 1113 2735; x_wconf 79' lang='lat' dir='ltr'><strong>imperium</strong></span> 
     </span>
     <span class='ocr_line' id='line_1_28' title="bbox 120 2731 1113 2820; baseline -0.003 -31"><span class='ocrx_word' id='word_1_237' title='bbox 120 2737 209 2791; x_wconf 90' lang='lat' dir='ltr'><strong>donec</strong></span> <span class='ocrx_word' id='word_1_238' title='bbox 227 2738 255 2790; x_wconf 93' lang='grc' dir='ltr'>Β</span> <span class='ocrx_word' id='word_1_239' title='bbox 278 2738 282 2804; x_wconf 87' lang='grc' dir='ltr'>Ι</span> <span class='ocrx_word' id='word_1_240' title='bbox 302 2736 396 2790; x_wconf 72' lang='lat' dir='ltr'><strong>residu</strong></span> <span class='ocrx_word' id='word_1_241' title='bbox 415 2742 442 2807; x_wconf 87' lang='lat' dir='ltr'><strong>(v</strong></span> <span class='ocrx_word' id='word_1_242' title='bbox 462 2756 548 2820; x_wconf 82' lang='lat' dir='ltr'><strong>supro</strong></span> <span class='ocrx_word' id='word_1_243' title='bbox 566 2744 584 2791; x_wconf 77' lang='grc' dir='ltr'>ῡ</span> <span class='ocrx_word' id='word_1_244' title='bbox 603 2740 660 2794; x_wconf 89' lang='lat' dir='ltr'><strong>loco</strong></span> <span class='ocrx_word' id='word_1_245' title='bbox 679 2740 794 2793; x_wconf 81' lang='lat' dir='ltr'><strong>eoouido</strong></span> <span class='ocrx_word' id='word_1_246' title='bbox 812 2741 947 2793; x_wconf 78' lang='lat' dir='ltr'><strong>incertum</strong></span> <span class='ocrx_word' id='word_1_247' title='bbox 965 2756 1021 2808; x_wconf 78' lang='lat' dir='ltr'><strong>qam</strong></span> <span class='ocrx_word' id='word_1_248' title='bbox 1037 2731 1113 2798; x_wconf 75' lang='lat' dir='ltr'><strong>meo)</strong></span> 
     </span>
     <span class='ocr_line' id='line_1_29' title="bbox 120 2806 1116 2879; baseline 0.002 -18"><span class='ocrx_word' id='word_1_249' title='bbox 120 2808 154 2861; x_wconf 90' lang='lat' dir='ltr'><strong><em>N</em></strong></span> <span class='ocrx_word' id='word_1_250' title='bbox 167 2810 176 2877; x_wconf 95' lang='grc' dir='ltr'><strong>ΙΙ</strong></span> <span class='ocrx_word' id='word_1_251' title='bbox 195 2813 211 2860; x_wconf 90' lang='grc'>8</span> <span class='ocrx_word' id='word_1_252' title='bbox 230 2806 393 2860; x_wconf 80' lang='lat' dir='ltr'><strong>crudelitati</strong></span> <span class='ocrx_word' id='word_1_253' title='bbox 406 2812 433 2863; x_wconf 95' lang='grc' dir='ltr'>Β</span> <span class='ocrx_word' id='word_1_254' title='bbox 450 2813 453 2879; x_wconf 98' lang='grc' dir='ltr'>Ι</span> <span class='ocrx_word' id='word_1_255' title='bbox 471 2810 515 2862; x_wconf 82' lang='lat' dir='ltr'><strong>dis</strong></span> <span class='ocrx_word' id='word_1_256' title='bbox 530 2810 564 2863; x_wconf 94' lang='lat' dir='ltr'><strong><em>N</em></strong></span> <span class='ocrx_word' id='word_1_257' title='bbox 576 2812 579 2877; x_wconf 98' lang='grc' dir='ltr'>Ι</span> <span class='ocrx_word' id='word_1_258' title='bbox 596 2809 762 2879; x_wconf 82' lang='lat' dir='ltr'><strong>sanguinem</strong></span> <span class='ocrx_word' id='word_1_259' title='bbox 778 2809 802 2864; x_wconf 80' lang='lat'><em>0</em></span> <span class='ocrx_word' id='word_1_260' title='bbox 811 2811 820 2879; x_wconf 97' lang='grc' dir='ltr'><strong>ΙΙ</strong></span> <span class='ocrx_word' id='word_1_261' title='bbox 835 2814 850 2861; x_wconf 87' lang='grc'><strong>9</strong></span> <span class='ocrx_word' id='word_1_262' title='bbox 869 2810 994 2863; x_wconf 88' lang='lat' dir='ltr'><strong>humano</strong></span> <span class='ocrx_word' id='word_1_263' title='bbox 1009 2810 1116 2877; x_wconf 68' lang='lat' dir='ltr'><strong>(impl</strong></span> 
     </span>
     <span class='ocr_line' id='line_1_30' title="bbox 119 2878 1116 2949; baseline 0 -16"><span class='ocrx_word' id='word_1_264' title='bbox 119 2896 135 2933; x_wconf 94' lang='lat' dir='ltr'><strong>o</strong></span> <span class='ocrx_word' id='word_1_265' title='bbox 154 2896 188 2933; x_wconf 90' lang='lat' dir='ltr'><strong>m.</strong></span> <span class='ocrx_word' id='word_1_266' title='bbox 207 2880 236 2947; x_wconf 81' lang='lat'><strong>2)</strong></span> <span class='ocrx_word' id='word_1_267' title='bbox 255 2878 289 2931; x_wconf 91' lang='lat' dir='ltr'><strong><em>N</em></strong></span> <span class='ocrx_word' id='word_1_268' title='bbox 303 2879 458 2933; x_wconf 87' lang='lat' dir='ltr'><strong>humanum</strong></span> <span class='ocrx_word' id='word_1_269' title='bbox 476 2881 503 2933; x_wconf 89' lang='lat' dir='ltr'><em>L</em></span> <span class='ocrx_word' id='word_1_270' title='bbox 519 2884 523 2949; x_wconf 97' lang='grc' dir='ltr'>Ι</span> <span class='ocrx_word' id='word_1_271' title='bbox 540 2880 627 2934; x_wconf 88' lang='lat' dir='ltr'><strong>libere</strong></span> <span class='ocrx_word' id='word_1_272' title='bbox 647 2881 674 2934; x_wconf 89' lang='lat' dir='ltr'><strong><em>L</em></strong></span> <span class='ocrx_word' id='word_1_273' title='bbox 690 2882 694 2949; x_wconf 96' lang='grc' dir='ltr'>Ι</span> <span class='ocrx_word' id='word_1_274' title='bbox 711 2880 790 2934; x_wconf 84' lang='lat' dir='ltr'><strong>cuius</strong></span> <span class='ocrx_word' id='word_1_275' title='bbox 809 2880 921 2934; x_wconf 91' lang='lat' dir='ltr'><strong>oemodi</strong></span> <span class='ocrx_word' id='word_1_276' title='bbox 940 2880 966 2934; x_wconf 93' lang='lat' dir='ltr'><strong><em>L</em></strong></span> <span class='ocrx_word' id='word_1_277' title='bbox 987 2882 996 2949; x_wconf 95' lang='grc' dir='ltr'><strong>ΙΙ</strong></span> <span class='ocrx_word' id='word_1_278' title='bbox 1019 2886 1048 2933; x_wconf 87' lang='grc'><strong>11</strong></span> <span class='ocrx_word' id='word_1_279' title='bbox 1067 2891 1116 2947; x_wconf 66' lang='lat' dir='ltr'><strong>gru</strong></span> 
     </span>
     <span class='ocr_line' id='line_1_31' title="bbox 119 2949 1118 3020; baseline 0.002 -17"><span class='ocrx_word' id='word_1_280' title='bbox 119 2950 201 3003; x_wconf 82' lang='lat' dir='ltr'><strong>uidai</strong></span> <span class='ocrx_word' id='word_1_281' title='bbox 217 2951 251 3004; x_wconf 94' lang='lat' dir='ltr'><strong><em>N</em></strong></span> <span class='ocrx_word' id='word_1_282' title='bbox 264 2949 399 3019; x_wconf 83' lang='lat' dir='ltr'><strong>grauidar</strong></span> <span class='ocrx_word' id='word_1_283' title='bbox 417 2954 444 3019; x_wconf 73' lang='lat' dir='ltr'><strong>(i</strong></span> <span class='ocrx_word' id='word_1_284' title='bbox 462 2969 548 3020; x_wconf 81' lang='lat' dir='ltr'><strong>supro</strong></span> <span class='ocrx_word' id='word_1_285' title='bbox 559 2954 735 3020; x_wconf 80' lang='lat' dir='ltr'><strong>posteriorem</strong></span> <span class='ocrx_word' id='word_1_286' title='bbox 748 2955 772 3020; x_wconf 87' lang='lat' dir='ltr'><strong>r)</strong></span> <span class='ocrx_word' id='word_1_287' title='bbox 786 2952 820 3005; x_wconf 91' lang='lat' dir='ltr'><strong><em>N</em></strong></span> <span class='ocrx_word' id='word_1_288' title='bbox 823 2953 833 2981; x_wconf 83' lang='lat'>²</span> <span class='ocrx_word' id='word_1_289' title='bbox 851 2954 854 3019; x_wconf 97' lang='grc' dir='ltr'>Ι</span> <span class='ocrx_word' id='word_1_290' title='bbox 871 2951 1023 3005; x_wconf 88' lang='lat' dir='ltr'><strong>mulierum</strong></span> <span class='ocrx_word' id='word_1_291' title='bbox 1041 2949 1118 3020; x_wconf 72' lang='lat' dir='ltr'><strong>(prior</strong></span> 
     </span>
     <span class='ocr_line' id='line_1_32' title="bbox 119 3017 1121 3092; baseline -0.003 -18"><span class='ocrx_word' id='word_1_292' title='bbox 119 3039 137 3074; x_wconf 93' lang='lat' dir='ltr'><strong>u</strong></span> <span class='ocrx_word' id='word_1_293' title='bbox 161 3028 280 3076; x_wconf 84' lang='lat' dir='ltr'><strong>correcto</strong></span> <span class='ocrx_word' id='word_1_294' title='bbox 303 3039 336 3075; x_wconf 76' lang='lat' dir='ltr'><strong>eor</strong></span> <span class='ocrx_word' id='word_1_295' title='bbox 359 3038 374 3074; x_wconf 86' lang='lat' dir='ltr'><strong>e</strong></span> <span class='ocrx_word' id='word_1_296' title='bbox 397 3039 431 3076; x_wconf 91' lang='lat' dir='ltr'><strong>m.</strong></span> <span class='ocrx_word' id='word_1_297' title='bbox 451 3024 478 3091; x_wconf 87' lang='lat'><strong>1)</strong></span> <span class='ocrx_word' id='word_1_298' title='bbox 497 3023 524 3076; x_wconf 94' lang='grc' dir='ltr'>Β</span> <span class='ocrx_word' id='word_1_299' title='bbox 547 3025 556 3092; x_wconf 93' lang='grc' dir='ltr'><strong>ΙΙ</strong></span> <span class='ocrx_word' id='word_1_300' title='bbox 580 3028 613 3074; x_wconf 87' lang='grc'><strong>13</strong></span> <span class='ocrx_word' id='word_1_301' title='bbox 638 3021 778 3077; x_wconf 72' lang='lat' dir='ltr'><strong>Siluarum</strong></span> <span class='ocrx_word' id='word_1_302' title='bbox 802 3023 829 3076; x_wconf 96' lang='lat' dir='ltr'><strong><em>L</em></strong></span> <span class='ocrx_word' id='word_1_303' title='bbox 854 3024 857 3090; x_wconf 98' lang='grc' dir='ltr'>Ι</span> <span class='ocrx_word' id='word_1_304' title='bbox 883 3038 996 3091; x_wconf 89' lang='lat' dir='ltr'><strong>quoque</strong></span> <span class='ocrx_word' id='word_1_305' title='bbox 1020 3028 1078 3078; x_wconf 78' lang='lat' dir='ltr'><strong>arete</strong></span> <span class='ocrx_word' id='word_1_306' title='bbox 1097 3017 1121 3071; x_wconf 82' lang='lat' dir='ltr'><strong>et</strong></span> 
     </span>
     <span class='ocr_line' id='line_1_33' title="bbox 119 3090 1124 3162; baseline -0.003 -14"><span class='ocrx_word' id='word_1_307' title='bbox 119 3095 182 3148; x_wconf 84' lang='lat' dir='ltr'><strong>aoid.</strong></span> <span class='ocrx_word' id='word_1_308' title='bbox 203 3093 230 3146; x_wconf 96' lang='lat' dir='ltr'><strong><em>L</em></strong></span> <span class='ocrx_word' id='word_1_309' title='bbox 243 3095 252 3161; x_wconf 97' lang='grc' dir='ltr'><strong>ΙΙ</strong></span> <span class='ocrx_word' id='word_1_310' title='bbox 271 3097 306 3146; x_wconf 85' lang='grc'><strong>14</strong></span> <span class='ocrx_word' id='word_1_311' title='bbox 324 3091 538 3146; x_wconf 83' lang='lat' dir='ltr'><strong>consentiebant</strong></span> <span class='ocrx_word' id='word_1_312' title='bbox 556 3095 649 3162; x_wconf 84' lang='lat' dir='ltr'><strong>(tertia</strong></span> <span class='ocrx_word' id='word_1_313' title='bbox 666 3112 685 3146; x_wconf 92' lang='lat' dir='ltr'><strong>n</strong></span> <span class='ocrx_word' id='word_1_314' title='bbox 702 3110 789 3162; x_wconf 78' lang='lat' dir='ltr'><strong>sopra</strong></span> <span class='ocrx_word' id='word_1_315' title='bbox 806 3096 924 3162; x_wconf 73' lang='lat' dir='ltr'><strong>ceroma)</strong></span> <span class='ocrx_word' id='word_1_316' title='bbox 942 3095 970 3146; x_wconf 95' lang='grc' dir='ltr'>Β</span> <span class='ocrx_word' id='word_1_317' title='bbox 987 3096 991 3162; x_wconf 99' lang='grc' dir='ltr'>Ι</span> <span class='ocrx_word' id='word_1_318' title='bbox 1007 3093 1082 3147; x_wconf 83' lang='lat' dir='ltr'><strong>fusus</strong></span> <span class='ocrx_word' id='word_1_319' title='bbox 1098 3090 1124 3158; x_wconf 84' lang='lat' dir='ltr'><strong>(q</strong></span> 
     </span>
     <span class='ocr_line' id='line_1_34' title="bbox 114 3157 1128 3235; baseline -0.003 -17"><span class='ocrx_word' id='word_1_320' title='bbox 114 3171 180 3235; x_wconf 81' lang='lat' dir='ltr'><strong>post</strong></span> <span class='ocrx_word' id='word_1_321' title='bbox 199 3165 376 3232; x_wconf 79' lang='lat' dir='ltr'><strong>posteriorem</strong></span> <span class='ocrx_word' id='word_1_322' title='bbox 395 3180 407 3215; x_wconf 88' lang='lat' dir='ltr'><strong>s</strong></span> <span class='ocrx_word' id='word_1_323' title='bbox 426 3165 524 3231; x_wconf 81' lang='lat' dir='ltr'><strong>deleto)</strong></span> <span class='ocrx_word' id='word_1_324' title='bbox 544 3164 571 3217; x_wconf 94' lang='lat' dir='ltr'><em>B</em></span> <span class='ocrx_word' id='word_1_325' title='bbox 594 3166 598 3232; x_wconf 97' lang='grc' dir='ltr'>Ι</span> <span class='ocrx_word' id='word_1_326' title='bbox 624 3164 705 3218; x_wconf 87' lang='lat' dir='ltr'><strong>abhis</strong></span> <span class='ocrx_word' id='word_1_327' title='bbox 726 3163 756 3233; x_wconf 81' lang='lat' dir='ltr'><strong>(b</strong></span> <span class='ocrx_word' id='word_1_328' title='bbox 774 3181 985 3233; x_wconf 71' lang='lat' dir='ltr'><strong>emmeramum</strong></span> <span class='ocrx_word' id='word_1_329' title='bbox 1004 3183 1038 3221; x_wconf 90' lang='lat' dir='ltr'><strong>m.</strong></span> <span class='ocrx_word' id='word_1_330' title='bbox 1057 3165 1084 3232; x_wconf 82' lang='lat'><strong>2)</strong></span> <span class='ocrx_word' id='word_1_331' title='bbox 1100 3157 1128 3215; x_wconf 86' lang='lat' dir='ltr'><strong><em>N</em></strong></span> 
     </span>
     <span class='ocr_line' id='line_1_35' title="bbox 117 3233 1126 3317; baseline 0 -29"><span class='ocrx_word' id='word_1_332' title='bbox 117 3235 201 3288; x_wconf 88' lang='lat' dir='ltr'><strong>habis</strong></span> <span class='ocrx_word' id='word_1_333' title='bbox 221 3235 247 3287; x_wconf 93' lang='lat' dir='ltr'><strong><em>L</em></strong></span> <span class='ocrx_word' id='word_1_334' title='bbox 269 3237 279 3303; x_wconf 94' lang='grc' dir='ltr'><strong>ΙΙ</strong></span> <span class='ocrx_word' id='word_1_335' title='bbox 303 3240 335 3288; x_wconf 87' lang='lat'><strong>15</strong></span> <span class='ocrx_word' id='word_1_336' title='bbox 356 3233 442 3287; x_wconf 89' lang='lat' dir='ltr'><strong>simili</strong></span> <span class='ocrx_word' id='word_1_337' title='bbox 460 3234 520 3286; x_wconf 93' lang='lat' dir='ltr'><strong>BL</strong></span> <span class='ocrx_word' id='word_1_338' title='bbox 543 3233 630 3288; x_wconf 89' lang='lat' dir='ltr'><strong>simili</strong></span> <span class='ocrx_word' id='word_1_339' title='bbox 650 3238 742 3305; x_wconf 82' lang='lat' dir='ltr'><strong>(prior</strong></span> <span class='ocrx_word' id='word_1_340' title='bbox 761 3252 774 3287; x_wconf 92' lang='lat' dir='ltr'><strong>s</strong></span> <span class='ocrx_word' id='word_1_341' title='bbox 793 3243 943 3304; x_wconf 75' lang='lat' dir='ltr'><strong>carpuneto,</strong></span> <span class='ocrx_word' id='word_1_342' title='bbox 966 3238 1014 3290; x_wconf 80' lang='lat' dir='ltr'><strong>aed</strong></span> <span class='ocrx_word' id='word_1_343' title='bbox 1028 3238 1126 3317; x_wconf 79' lang='lat' dir='ltr'><strong>popolo</strong></span> 
     </span>
     <span class='ocr_line' id='line_1_36' title="bbox 118 3304 1127 3375; baseline -0.003 -15"><span class='ocrx_word' id='word_1_344' title='bbox 118 3308 207 3374; x_wconf 85' lang='lat' dir='ltr'><strong>eroso)</strong></span> <span class='ocrx_word' id='word_1_345' title='bbox 222 3306 264 3360; x_wconf 89' lang='lat' dir='ltr'><strong>N:</strong></span> <span class='ocrx_word' id='word_1_346' title='bbox 284 3322 352 3360; x_wconf 87' lang='lat' dir='ltr'><strong>corr.</strong></span> <span class='ocrx_word' id='word_1_347' title='bbox 372 3322 413 3374; x_wconf 76' lang='lat' dir='ltr'><strong>ep.</strong></span> <span class='ocrx_word' id='word_1_348' title='bbox 435 3306 444 3372; x_wconf 96' lang='grc' dir='ltr'><strong>ΙΙ</strong></span> <span class='ocrx_word' id='word_1_349' title='bbox 468 3309 598 3358; x_wconf 74' lang='lat' dir='ltr'><strong>lienum</strong></span> <span class='ocrx_word' id='word_1_350' title='bbox 611 3307 639 3359; x_wconf 93' lang='grc' dir='ltr'>Β</span> <span class='ocrx_word' id='word_1_351' title='bbox 655 3309 659 3375; x_wconf 95' lang='grc' dir='ltr'>Ι</span> <span class='ocrx_word' id='word_1_352' title='bbox 675 3304 802 3359; x_wconf 84' lang='lat' dir='ltr'><strong>thaciam</strong></span> <span class='ocrx_word' id='word_1_353' title='bbox 816 3308 844 3360; x_wconf 96' lang='grc' dir='ltr'>Β</span> <span class='ocrx_word' id='word_1_354' title='bbox 862 3309 871 3375; x_wconf 96' lang='grc' dir='ltr'><strong>ΙΙ</strong></span> <span class='ocrx_word' id='word_1_355' title='bbox 891 3312 924 3360; x_wconf 84' lang='grc'><strong>18</strong></span> <span class='ocrx_word' id='word_1_356' title='bbox 944 3307 1090 3362; x_wconf 85' lang='lat' dir='ltr'><strong>danibrum</strong></span> <span class='ocrx_word' id='word_1_357' title='bbox 1103 3305 1127 3372; x_wconf 84' lang='lat' dir='ltr'><strong>(r</strong></span> 
     </span>
     <span class='ocr_line' id='line_1_37' title="bbox 118 3374 1128 3447; baseline 0.003 -17"><span class='ocrx_word' id='word_1_358' title='bbox 118 3394 204 3445; x_wconf 77' lang='lat' dir='ltr'><strong>supra</strong></span> <span class='ocrx_word' id='word_1_359' title='bbox 218 3379 340 3445; x_wconf 81' lang='lat' dir='ltr'><strong>priorem</strong></span> <span class='ocrx_word' id='word_1_360' title='bbox 358 3375 378 3444; x_wconf 86' lang='lat' dir='ltr'><strong>i)</strong></span> <span class='ocrx_word' id='word_1_361' title='bbox 397 3375 425 3427; x_wconf 94' lang='grc' dir='ltr'>Β</span> <span class='ocrx_word' id='word_1_362' title='bbox 444 3374 600 3428; x_wconf 89' lang='lat' dir='ltr'><strong>danubium</strong></span> <span class='ocrx_word' id='word_1_363' title='bbox 618 3377 645 3430; x_wconf 97' lang='lat' dir='ltr'><strong><em>L</em></strong></span> <span class='ocrx_word' id='word_1_364' title='bbox 665 3379 669 3446; x_wconf 95' lang='grc' dir='ltr'>Ι</span> <span class='ocrx_word' id='word_1_365' title='bbox 690 3376 784 3446; x_wconf 82' lang='lat' dir='ltr'><strong>glacie</strong></span> <span class='ocrx_word' id='word_1_366' title='bbox 802 3377 906 3430; x_wconf 89' lang='lat' dir='ltr'><strong>flumen</strong></span> <span class='ocrx_word' id='word_1_367' title='bbox 925 3381 955 3447; x_wconf 82' lang='lat' dir='ltr'><strong>(n</strong></span> <span class='ocrx_word' id='word_1_368' title='bbox 973 3395 1060 3447; x_wconf 80' lang='lat' dir='ltr'><strong>supra</strong></span> <span class='ocrx_word' id='word_1_369' title='bbox 1077 3393 1128 3432; x_wconf 78' lang='lat' dir='ltr'><strong>oer-</strong></span> 
     </span>
     <span class='ocr_line' id='line_1_38' title="bbox 118 3445 1129 3516; baseline 0.003 -17"><span class='ocrx_word' id='word_1_370' title='bbox 118 3449 187 3513; x_wconf 84' lang='lat' dir='ltr'><strong>sum)</strong></span> <span class='ocrx_word' id='word_1_371' title='bbox 216 3446 360 3515; x_wconf 90' lang='lat' dir='ltr'><strong>equitatur</strong></span> <span class='ocrx_word' id='word_1_372' title='bbox 387 3445 492 3499; x_wconf 87' lang='lat' dir='ltr'><strong>mutius</strong></span> <span class='ocrx_word' id='word_1_373' title='bbox 521 3447 614 3514; x_wconf 90' lang='lat' dir='ltr'><strong>(prior</strong></span> <span class='ocrx_word' id='word_1_374' title='bbox 641 3465 660 3499; x_wconf 92' lang='lat' dir='ltr'><strong>u</strong></span> <span class='ocrx_word' id='word_1_375' title='bbox 683 3455 803 3503; x_wconf 84' lang='lat' dir='ltr'><strong>correcta</strong></span> <span class='ocrx_word' id='word_1_376' title='bbox 827 3466 860 3502; x_wconf 75' lang='lat' dir='ltr'><strong>ec</strong></span> <span class='ocrx_word' id='word_1_377' title='bbox 883 3451 910 3516; x_wconf 94' lang='grc' dir='ltr'><strong>ο)</strong></span> <span class='ocrx_word' id='word_1_378' title='bbox 933 3450 1014 3516; x_wconf 78' lang='lat' dir='ltr'><strong>imfra</strong></span> <span class='ocrx_word' id='word_1_379' title='bbox 1036 3451 1129 3504; x_wconf 80' lang='lat' dir='ltr'><strong>omissa</strong></span> 
     </span>
     <span class='ocr_line' id='line_1_39' title="bbox 116 3516 1130 3589; baseline 0.002 -20"><span class='ocrx_word' id='word_1_380' title='bbox 116 3522 177 3584; x_wconf 84' lang='lat' dir='ltr'><strong>post</strong></span> <span class='ocrx_word' id='word_1_381' title='bbox 196 3516 351 3571; x_wconf 89' lang='lat' dir='ltr'><strong>danuuium</strong></span> <span class='ocrx_word' id='word_1_382' title='bbox 367 3517 394 3570; x_wconf 97' lang='grc' dir='ltr'>Β</span> <span class='ocrx_word' id='word_1_383' title='bbox 408 3518 417 3585; x_wconf 96' lang='grc' dir='ltr'><strong>ΙΙ</strong></span> <span class='ocrx_word' id='word_1_384' title='bbox 434 3523 465 3570; x_wconf 83' lang='grc'><strong>19</strong></span> <span class='ocrx_word' id='word_1_385' title='bbox 485 3516 626 3570; x_wconf 79' lang='lat' dir='ltr'><strong>ommissis</strong></span> <span class='ocrx_word' id='word_1_386' title='bbox 645 3519 736 3587; x_wconf 84' lang='lat' dir='ltr'><strong>(prior</strong></span> <span class='ocrx_word' id='word_1_387' title='bbox 754 3537 783 3571; x_wconf 90' lang='lat' dir='ltr'><strong>m</strong></span> <span class='ocrx_word' id='word_1_388' title='bbox 802 3520 939 3586; x_wconf 71' lang='lat' dir='ltr'><strong>transdere</strong></span> <span class='ocrx_word' id='word_1_389' title='bbox 957 3525 983 3573; x_wconf 88' lang='lat' dir='ltr'><strong>et</strong></span> <span class='ocrx_word' id='word_1_390' title='bbox 1000 3517 1130 3589; x_wconf 84' lang='lat' dir='ltr'><strong>eraso)B</strong></span> 
     </span>
    </p>
   </div>
   <div class='ocr_carea' id='block_1_6' title="bbox 0 0 1198 3922">
    <p class='ocr_par' dir='ltr' id='par_1_7' title="bbox 0 0 1198 3922">
     <span class='ocr_line' id='line_1_40' title="bbox 0 0 1198 3922; baseline 0 2"><span class='ocrx_word' id='word_1_391' title='bbox 0 0 1198 3922; x_wconf 95' lang='lat' dir='ltr'><strong> </strong></span> 
     </span>
    </p>
   </div>
  </div>
 </body>
</html>
