2386 3922
114 155 158 219 84
479 152 590 203 rnoru
607 150 769 203 nrmoun

115 327 243 381 aetatem
271 317 515 397 transmarinam,
546 332 634 393 quam
662 313 859 375 ducentorum
887 331 1031 374 annorum
1051 311 1103 371 leci·

114 427 195 486 mus,
223 406 347 486 dividat,
376 412 496 465 eentum
518 404 573 463 hos
596 404 727 482 priores,
751 402 861 482 quibus
884 401 1013 463 Africam
1033 400 1106 460 llace-

115 497 247 576 doniam,
276 494 408 554 Siciliam
432 492 604 572 Hispaniam
627 491 755 572 domuit,
782 508 904 572 aureos,
928 493 1005 551 sicut
1025 495 1107 570 poetae

80 599 97 646 3
117 592 236 665 canunt,
259 585 325 643 iure
349 584 515 660 meritoque
539 581 674 662 fateatur,
698 586 819 641 centum
839 586 1000 659 sequentes
1018 579 1109 639 terreos

115 673 202 754 plane
226 680 256 733 et
279 678 429 751 cruentos,
452 677 482 730 et
506 668 604 748 siquid
627 671 786 729 inmanius.
823 670 935 748 quippe
959 669 1011 747 qui
1027 667 1110 745 lugur-
1130 660 1160 707 θ’

116 763 208 823 thinis
228 760 386 820 Cimbricis
406 758 615 819 Mithridaticis
634 757 779 819 Parthicis
797 759 934 837 piraticis
952 755 1046 837 bellis,
1060 752 1112 814 Gal·

116 851 183 911 licis
198 858 285 927 atque
301 847 496 928 Germanicis,
515 845 623 925 quibus
639 846 754 907 caelum
768 848 868 925 ipsum
882 845 977 924 gloria
992 842 1112 921 aseendit,

117 938 304 999 Gracchanas
336 936 557 1014 Drusianasque
590 934 711 1016 caedes,
747 934 784 995 ad
815 934 873 995 hoe
905 932 1026 994 servilia
1053 929 1113 993 bella

82 1039 99 1086 4
118 1028 295 1087 miscuerint
317 1032 355 1106 et,
378 1043 416 1085 ne
441 1026 505 1102 quit
523 1023 703 1102 turpitudini
721 1023 809 1104 desit,
831 1022 1014 1101 gladiatoria.
1049 1021 1114 1081 deni·

119 1134 176 1194 que
207 1117 238 1174 in
262 1132 294 1173 se
318 1116 382 1193 ipse
407 1130 567 1173 conversus
591 1111 731 1172 Marianis
754 1119 843 1190 atque
867 1110 1010 1193 Syllanis,
1036 1108 1150 1170 nuris-1⁰

119 1206 194 1263 sime
221 1201 344 1281 Pompei
378 1208 407 1262 et
435 1201 571 1261 Caesaris
599 1200 735 1261 manibus
769 1202 855 1279 quasi
882 1217 938 1279 per
965 1199 1073 1260 rabiem
1093 1201 1116 1256 et

85 1292 253 1352 olurorem
282 1325 323 1332 -
352 1290 435 1350 nefas
463 1323 505 1331 —
536 1295 631 1349 semet
667 1291 731 1368 ipse
768 1287 917 1349 laceravit.
971 1307 1045 1368 quae
1073 1285 1116 1346 etsi
1156 1294 1160 1335 Ξ

120 1383 220 1440 iuncta
253 1381 332 1440 inter
365 1397 397 1437 se
430 1384 499 1438 sunt
531 1380 630 1438 omnia
662 1384 750 1456 atque
781 1377 918 1457 confusa,
949 1384 1047 1438 tamen
1072 1389 1115 1454 quo

119 1467 225 1528 melius
245 1474 415 1547 appareant,
434 1466 523 1526 simul
542 1473 572 1526 et
591 1484 628 1526 ne
648 1465 762 1526 scelera
775 1464 938 1526 virtutibus
953 1465 1115 1544 obstrepant,

120 1558 279 1635 separatim
303 1556 484 1635 referentur,
507 1557 665 1635 priusque,
689 1561 722 1615 ut
745 1555 907 1636 coepimus,
931 1556 1009 1615 iusta
1031 1552 1076 1613 illa
1093 1550 1160 1617 111ῑὲ

119 1647 167 1724 pia
196 1662 264 1704 cum
291 1646 402 1704 exteris
430 1643 570 1722 gentibus
591 1642 670 1703 bella
692 1636 939 1724 memorabimus,
967 1650 1001 1703 ut
1022 1640 1116 1720 magni·
1156 1650 1160 1685 .-

119 1733 191 1793 tudo
224 1735 388 1793 crescentis
420 1734 452 1792 in
484 1732 548 1792 dies
576 1734 701 1810 ,imperii
734 1737 889 1812 appareat,
921 1737 986 1791 tum
1019 1730 1053 1791 ad
1080 1726 1116 1788 illa
1147 1692 1160 1803 Ι

120 1823 230 1881 civium
254 1821 367 1881 scelera
389 1828 553 1899 turpesque
576 1828 607 1881 et
629 1822 735 1899 impias
758 1838 874 1899 pugnas
896 1826 1084 1880 revertemur.
1154 1836 1160 1895 ,-

1155 1910 1160 1937 l

193 2025 351 2081 asioiliam
370 2045 419 2082 om.
440 2027 468 2080 Β
487 2014 598 2094 syriam
616 2027 735 2081 ramses
759 2028 763 2096 i
788 2025 951 2095 hispaniam
969 2042 1018 2082 om.
1037 2026 1063 2080 a
1080 2024 1114 2092 pt
1152 1992 1160 2091 Ι

121 2097 210 2165 siquit
233 2100 256 2167 (t
278 2101 310 2152 iu
333 2097 352 2150 d
374 2100 492 2153 mutavit
513 2115 547 2152 aa.
567 2101 596 2166 1)
615 2098 643 2151 Β
668 2100 672 2166 Ι
697 2096 848 2150 immanius
871 2099 1005 2166 (patorem
1021 2115 1048 2150 m
1064 2097 1116 2150 ian

122 2171 240 2224 neuteoit
266 2187 299 2223 aa.
325 2172 352 2239 1)
379 2171 407 2223 Β
434 2167 585 2222 immanius
612 2168 646 2223 N
668 2167 810 2222 inmanius
838 2170 989 2237 (posterior
1014 2167 1025 2222 i
1049 2177 1116 2235 nepta

121 2242 236 2320 uersum)
265 2240 291 2292 L
320 2241 325 2309 Ι
355 2239 459 2309 quippe
488 2241 528 2294 bis
555 2239 595 2307 Β,
625 2240 672 2294 sed
695 2241 834 2309 meterius
860 2256 970 2295 eructare
998 2242 1002 2309 Ι
1033 2236 1115 2359 qffiiffi

122 2310 225 2378 qu1bus
249 2311 381 2365 Halmius
403 2311 482 2377 infru
505 2327 538 2364 eae
556 2311 584 2363 Β
606 2317 711 2379 recepto
733 2309 878 2364 miscuerit
904 2313 908 2379 Ι
933 2309 983 2378 qui
1001 2309 1081 2362 -be
1146 2332 1150 2383 3

122 2398 171 2450 ga·
204 2383 277 2436 iuter
308 2382 480 2435 scribendum
512 2383 543 2434 iu
574 2397 676 2436 raama
700 2381 728 2434 Β
759 2383 763 2449 Ι
792 2380 964 2450 iugurthinis
997 2381 1025 2450 (h
1049 2389 1115 2446 septo

121 2455 238 2520 uersum)
266 2453 294 2505 Β
322 2450 494 2521 iugurthinis
522 2450 552 2520 (h
578 2470 612 2507 m.
638 2458 654 2506 1
682 2468 716 2507 eu
751 2469 770 2506 u
796 2454 913 2521 uersum)
938 2452 971 2506 N
990 2454 999 2522 Ι
1022 2456 1036 2504 6
1058 2447 1115 2518 pire·

123 2521 188 2575 tieis
216 2538 266 2577 ono.
292 2522 316 2576 0
339 2525 430 2577 nescio
458 2540 496 2577 aa
523 2539 594 2590 uere,
619 2528 683 2591 post
729 2521 846 2576 erthicis
871 2524 967 2591 posuit
988 2513 1114 2583 Iahnius)

120 2597 185 2660 post
212 2591 296 2645 bellis
325 2594 468 2661 lacunam,
495 2611 551 2663 qua
572 2594 638 2648 haee
660 2595 715 2661 fere
738 2595 832 2648 umba:
861 2592 964 2660 quibus
988 2607 1061 2647 arma
1079 2600 1115 2658 ptr

124 2661 220 2715 orbem
242 2663 381 2716 terrarum
404 2663 579 2718 circumtulit
600 2665 700 2719 heudo
718 2681 772 2719 esse
787 2671 886 2733 putet,
906 2666 1005 2719 stataet
1021 2663 1115 2718 Mona

124 2749 213 2798 maus,
232 2739 262 2787 ut
279 2737 453 2790 enuntiatum
471 2737 616 2790 relativum
634 2738 718 2790 etiem
733 2741 797 2804 post
814 2734 1024 2804 Drusianasque
1036 2728 1115 2787 caedet

124 2804 196 2858 deest
212 2805 215 2872 Ι
232 2802 344 2857 Gallica
363 2807 448 2873 atque
468 2805 655 2861 Germanica?
672 2809 676 2875 Ι
691 2805 804 2875 gallicis
823 2808 848 2875 (e
867 2813 989 2862 correcto
1005 2823 1037 2861 ea
1048 2806 1069 2874 s)
1080 2793 1116 2877 Di

125 2874 244 2927 8ethoe
262 2876 296 2929 N
315 2878 324 2944 ΙΙ
348 2877 527 2930 9miscuerit
545 2878 573 2931 Β
598 2880 601 2947 Ι
626 2876 732 2945 nequid
751 2877 778 2930 L
803 2879 807 2945 Ι
830 2875 1002 2946 turpitudini
1018 2874 1114 2946 (tertiat

125 2953 243 3001 correcto
263 2963 297 3000 eac
315 2949 341 3016 e)
360 2949 388 3001 Β
408 2950 417 3016 ΙΙ
439 2954 473 3002 10
493 2947 603 3002 sillanis
622 2949 650 3002 Β
664 2950 673 3018 ΙΙ
690 2954 720 3001 11
741 2950 770 3002 et
788 2955 852 3003 uate
869 2940 1114 3003 naissitanum

124 3016 204 3071 nefas
223 3018 371 3073 Acidaliae
393 3021 402 3087 ΙΙ
426 3024 459 3071 12
480 3018 539 3090 Qua
559 3018 613 3072 etsi
631 3020 658 3073 L
681 3020 754 3074 Voss.
774 3018 856 3087 quasi
874 3019 902 3072 Β
922 3018 1010 3087 quaesi
1026 3016 1056 3072 N
1067 3015 1075 3083 Ι
1090 3010 1113 3062 1³
1156 3040 1159 3045 ·

125 3087 317 3158 interpediunt
344 3087 439 3143 omnia
464 3092 492 3144 Β
519 3092 528 3159 ΙΙ
557 3096 590 3144 to
620 3089 773 3160 separatim
801 3089 851 3158 (im
877 3109 912 3144 m.
939 3097 955 3145 1
982 3092 1013 3144 ia
1037 3092 1114 3143 rotam
1156 3102 1160 3111 ·

125 3167 254 3227 quattuor
271 3163 312 3216 uel
331 3163 451 3230 quiaque
470 3162 634 3231 litterariae)
654 3162 681 3215 Β
698 3164 702 3230 Ι
717 3159 905 3230 perferentur:
925 3177 993 3217 eorr.
1008 3153 1113 3214 Humor

124 3230 300 3312 proferentur
323 3232 409 3357 Reqql.
434 3233 443 3300 ΙΙ
467 3236 500 3284 16
525 3233 651 3288 exteras
676 3235 772 3301 (supro
794 3249 924 3288 coetuum
942 3231 967 3286 ri
984 3249 1017 3286 ae.
1036 3231 1059 3298 1)
1073 3220 1098 3279 Ν
1107 3215 1111 3285 i

125 3317 341 3356 memorauimus
1140 3312 1145 3317 '
