2386 3922
95 122 200 176 XXXII
403 125 606 178 PRAEFATIO
624 125 796 177 EDITORIS

95 290 189 350 etiam
213 290 289 351 vitia
312 291 377 350 eius
396 291 599 368 defenderent,
622 291 654 351 in
673 293 769 351 altero
787 309 859 350 vero
878 293 1028 366 tanquam
1045 288 1103 348 eins

97 379 241 439 acerrimo
269 380 441 440 adversario
468 381 520 442 vix
549 381 713 458 quicquam
735 381 916 441 invenerunt
939 377 1021 455 qnod
1042 397 1104 455 pro·
1150 413 1152 447 2

97 468 213 528 barent.
240 469 272 527 in
291 487 381 546 quem
400 488 532 529 errorem
550 473 586 529 ut
604 470 771 529 inciderent
788 468 877 528 facile
896 466 964 526 fieri
982 469 1104 544 poterat
1148 458 1152 543 J

97 577 169 616 nam
194 560 231 617 ut
260 561 377 617 taceam
400 558 436 617 de
459 558 543 618 vitiis
567 558 677 636 quibus
700 562 831 636 utraque
853 556 991 616 recensio
1013 555 1105 633 inqui·
1149 546 1152 577 ²

98 649 172 704 nata
199 649 246 706 est
273 649 304 706 et
337 666 414 724 quae
448 666 484 705 ex
516 647 668 707 communi
695 666 798 706 aarum
831 646 997 722 archetypo
1029 663 1105 722 repe·
1150 682 1152 687 -

98 735 191 794 tenda
214 727 328 814 sunt¹),
356 736 418 794 alia
446 735 529 794 haud
550 754 649 813 pauca
672 739 699 794 A
724 754 844 814 quoqne
867 734 959 793 habet
983 753 1061 811 quae
1079 734 1107 792 in

99 823 123 883 G
151 824 263 883 rectius
291 825 406 884 tradita
434 827 512 883 sunt.
559 825 696 901 peccavit
722 825 818 902 igitur
840 827 988 900 uterque,
1016 820 1107 882 sedll

100 914 192 989 plura
215 916 246 972 et
268 914 418 991 graviora.
464 931 532 972 cum
562 916 665 972 autem
686 914 719 972 in
741 914 841 974 animo
863 932 925 972 nou
947 912 990 971 sit
1013 927 1109 971 omnes
1151 974 1152 983 ,

101 1003 171 1061 illos
193 1002 275 1061 locos
299 1020 474 1061 enumerare
498 1005 529 1061 et
552 1003 606 1080 qui
624 1021 674 1061 eos
698 1002 868 1062 examinare
891 1001 967 1061 velit
992 1001 1109 1060 adiutus
1150 1054 1152 1080 ,

100 1091 191 1149 huius
219 1091 359 1150 editionis
388 1091 634 1150 adnotationibus
660 1091 693 1149 id
719 1093 819 1151 facere
846 1090 956 1168 possit,
988 1089 1109 1149 maxima

100 1179 311 1240 memorabiles
344 1182 465 1238 tantum
499 1181 584 1258 elegi,
617 1200 653 1239 ex
686 1180 796 1258 quibus
827 1183 938 1238 natura
969 1197 1006 1237 ac
1037 1178 1110 1238 ratio

100 1269 261 1346 utriusque
284 1268 466 1328 recensionis
490 1269 643 1329 commode
665 1270 875 1346 perspiciatur.

10 1369 86 1410 runis
167 1356 270 1435 Atque
294 1360 330 1416 nt
348 1377 367 1416 a
389 1358 532 1417 lacunis
555 1358 678 1417 initium
697 1359 823 1435 capiam,
847 1357 1012 1415 maximam
1029 1357 1109 1416 illam

101 1467 161 1525 qua
187 1447 218 1505 in
247 1445 269 1505 O
297 1447 393 1506 maior
419 1465 489 1523 pars
515 1447 696 1507 narrationis
724 1447 889 1506 bellicum
913 1444 942 1505 S.
968 1445 1107 1522 Pompeio

101 1537 180 1615 gesti
206 1535 317 1595 hausta
343 1538 390 1595 est
416 1528 459 1617 (p.
480 1539 557 1612 161,
578 1539 744 1615 16-162,
764 1529 821 1613 22)
848 1536 875 1593 Β
899 1535 962 1594 1111
991 1535 1038 1593 ita
1065 1552 1109 1593 ex·

100 1625 179 1702 pleri
206 1628 313 1684 notum
340 1628 387 1684 est
414 1627 450 1684 ut
477 1625 561 1683 haud
586 1643 684 1701 pauca
712 1625 748 1683 de
776 1625 833 1684 hoc
859 1624 939 1683 bello
971 1641 991 1681 a
1015 1622 1112 1683 Cassio

102 1715 199 1774 Dione
232 1732 291 1773 non
322 1715 447 1772 narrata
474 1713 573 1772 Iahnii
606 1714 727 1772 demum
760 1713 891 1773 editione
921 1712 1113 1771 innotuerint

103 1822 172 1862 eum
204 1806 306 1861 autem
338 1803 465 1861 lacunae
504 1802 636 1878 spatium
668 1803 797 1880 singulis
828 1801 900 1860 libri
931 1801 958 1859 B
990 1799 1112 1879 paginis,

104 1891 210 1968 quales
233 1891 289 1951 sub
312 1890 403 1949 finem
426 1891 536 1951 codicis
560 1894 643 1968 sunt,
671 1909 807 1967 prorsus,
835 1890 905 1949 libri
927 1888 956 1948 N
979 1890 1045 1949 fere
1071 1906 1111 1949 ra·

105 1978 265 2057 spondeat,
296 1980 448 2058 integram
477 1981 621 2058 paginam
647 1980 679 2039 in
709 1979 732 2039 O
761 1978 901 2040 omissam
929 1996 995 2038 esse
1024 1979 1108 2055 patet

105 2070 209 2145 itaque
233 2068 259 2127 si
281 2069 413 2128 indolem
437 2069 629 2128 librariorum
652 2073 783 2145 spectas,
812 2087 871 2128 non
894 2069 1043 2144 pensatur
1061 2067 1111 2127 hoe

105 2157 248 2216 damnum
264 2176 298 2217 eo
314 2159 395 2236 quod
408 2159 440 2216 in
453 2158 480 2216 B
494 2159 604 2217 ultima
618 2158 688 2217 libri
702 2157 826 2217 secundi
842 2156 935 2216 verba
949 2147 991 2236 (p.
1011 2158 1081 2233 181,
1093 2156 1108 2214 6

109 2249 229 2324 -182,
256 2239 312 2328 13)
345 2248 461 2307 desunt.
507 2267 578 2306 nam
605 2248 661 2306 hoc
689 2247 755 2305 ideo
782 2248 899 2305 factum
927 2263 1006 2318 esse,
1040 2240 1112 2323 quod
1150 2263 1152 2268 ·

105 2337 172 2396 eius
200 2337 382 2413 archetypus
411 2336 466 2396 sub
496 2337 587 2395 finem
614 2337 693 2394 male
721 2335 843 2394 habitus
874 2336 940 2393 erat
962 2334 1026 2393 iam
1048 2331 1111 2394 vidi·

104 2444 181 2501 mus,
204 2425 283 2483 illud
305 2445 376 2486 vero
400 2426 503 2484 classis
526 2424 548 2484 0
572 2426 716 2483 damnum
738 2424 855 2482 incuria
877 2422 995 2482 librarii
1020 2425 1109 2484 ortum
1147 2494 1152 2513 Ι

103 2532 169 2574 esse
184 2516 318 2591 apparet,
335 2514 513 2588 praesertim
526 2532 595 2571 cum
608 2512 700 2572 huius
713 2514 896 2590 archetypus
911 2511 985 2570 alibi
999 2512 1108 2571 nullum
1147 2564 1152 2578 ,

105 2602 321 2660 detrimentum
345 2602 505 2661 fortuitum
528 2619 634 2676 passus
656 2602 703 2661 sit.
739 2622 829 2678 porro
848 2602 882 2679 B,
907 2620 926 2659 a
944 2601 1033 2660 cuins
1050 2616 1108 2678 par
1149 2600 1152 2607 “

105 2691 189 2749 tibus
211 2690 248 2748 iis
271 2690 345 2748 locis
370 2689 479 2766 quibus
501 2690 651 2750 succurrit
674 2692 765 2749 etiam
783 2692 798 2749 Ι
816 2694 887 2767 stat,
910 2690 964 2748 has
984 2690 1107 2766 plurium
1148 2681 1152 2686 ¹

105 2778 266 2839 verborum
283 2780 408 2837 lacunas
427 2780 551 2838 alterius
570 2780 750 2838 recensionis
770 2781 884 2856 explet:
902 2797 930 2853 p.
953 2782 1004 2856 11,
1026 2780 1064 2838 15
1083 2789 1108 2835 et
1144 2774 1152 2811 ¹

106 2869 184 2942 aaa,
217 2870 265 2944 13,
287 2869 505 2941 receperam
526 2870 705 2947 vacarias,
740 2871 789 2946 11,
809 2872 829 2927 4
852 2864 1109 2929 interdicamur
1142 2843 1152 2894 ¹

107 2962 181 3032 tara,
213 2956 265 3015 ubi
292 2956 492 3033 interpolator
514 2958 596 3017 haud
619 2959 710 3017 dubie
733 2958 833 3032 ipsum
857 2957 990 3016 consulis
1013 2969 1110 3017 nomeu
1141 2986 1152 3020 ι

108 3064 200 3122 supra
223 3048 423 3104 memoratum
445 3048 608 3124 posuisset,
639 3051 688 3124 19,
710 3050 726 3105 7
752 3049 871 3105 iuvenes
892 3063 972 3104 more
995 3046 1111 3106 educe
1140 3056 1152 3109 l

104 3137 406 3211 praetermitterem,
453 3140 509 3213 40,
539 3139 556 3195 6
589 3138 646 3195 eibe'
677 3128 818 3217 11111112),
867 3136 923 3212 58,
954 3138 996 3196 10
1019 3127 1111 3210 parili

184 3361 209 3426 1)
228 3376 253 3413 v.
273 3357 347 3411 infra
365 3376 392 3426 p.
407 3358 550 3411 XXXVIII
560 3375 600 3425 sq.

184 3433 210 3498 2)
229 3446 297 3482 eave
312 3429 462 3483 credideris
477 3429 547 3482 haec
560 3429 648 3482 verba
663 3429 699 3482 ab
714 3428 916 3498 interpolatore
931 3427 1046 3483 adiecta
1054 3437 1110 3483 esst·
1148 3466 1152 3472 ·

112 3500 188 3568 quod
216 3500 241 3552 si
266 3500 309 3553 ita
332 3503 422 3569 esset,
455 3500 485 3552 in
513 3499 533 3553 C
557 3502 662 3569 plebeio
691 3500 798 3555 Stoloni
824 3517 880 3553 non
906 3501 1020 3568 plebeio.
1049 3496 1111 3555 stoll-
1143 3484 1152 3519 Ε
