2386 3922
363 113 563 165 PRAEFATIO
582 113 751 166 annolus
991 111 1066 167 LVII

55 281 93 340 de
116 279 268 340 industria
289 279 430 338 Lucanus
452 278 485 338 in
506 281 628 353 uotqcu
647 284 709 339 arto
727 280 889 341 correxisse
908 281 966 340 sibi
984 276 1067 343 visus

55 373 111 447 est,
135 368 209 446 qnia
230 369 287 428 hoc
308 367 486 428 insidiarum
510 387 618 447 genere
641 369 688 427 illi
710 369 771 428 iam
794 373 884 430 antea
906 370 954 430 usi
974 375 1066 431 erant.

53 457 184 518 maxime
215 476 286 518 vero
320 457 360 516 ad
386 456 627 534 persuadendum
655 458 828 534 appositum
855 458 886 517 id
914 462 960 518 est
986 460 1067 537 qnod

55 545 195 607 Caesaris
226 545 281 605 illa
313 545 352 604 ad
389 547 621 623 gubernatorem
657 546 818 624 trepidum,
856 548 954 623 qualis
987 548 1068 623 apud

53 635 181 696 Illorum
199 639 246 695 est
264 626 309 716 (ΙΙ
330 637 380 711 13,
399 628 465 712 37),
487 634 588 695 brevis
612 638 642 694 et
666 635 772 695 efficax
794 654 852 696 vox
874 637 945 709 qaid
967 638 1069 696 tanos?

54 724 311 785 succrescas
329 743 347 783 a
365 723 488 783 Lucano
510 715 553 805 (V
572 726 635 784 577
647 717 705 806 sq.)
728 725 759 783 in
778 725 927 784 tumidam
950 729 981 784 et
1003 744 1069 785 ver·

52 815 162 875 bosam
194 812 443 873 declamationem
475 812 631 873 dilatatur.
676 813 738 872 iam
769 814 866 892 igitur
893 833 962 873 cum
989 831 1069 873 eom-

51 904 157 963 munis
185 902 253 962 fons
274 899 381 964 Livius
409 919 474 962 esse
500 921 561 961 non
587 903 736 978 potuerit,
767 902 840 979 quia
866 902 1069 961 narrationem

52 993 122 1052 eins
147 993 197 1050 sat
218 991 317 1050 multa
339 1009 358 1050 a
380 990 469 1050 Floro
493 993 524 1050 et
541 990 664 1050 Lucano
688 991 778 1050 aliter
795 991 910 1051 tradita
927 990 1068 1050 habuisse

50 1071 219 1162 constat¹),
250 1079 420 1156 proximum
452 1082 499 1138 est
531 1082 568 1138 ut
598 1078 636 1138 ab
669 1080 725 1139 hoc
758 1080 862 1139 eodem
894 1079 981 1139 modo
1010 1098 1069 1155 quo

48 1168 202 1231 avunculi
227 1168 383 1228 naturales
411 1168 604 1245 quaestiones
631 1160 807 1248 expilavit²)
837 1169 930 1228 etiam
953 1169 1004 1229 avi
1026 1168 1070 1227 hi·

49 1258 168 1320 storias
200 1257 232 1316 in
262 1275 353 1316 usum
381 1259 504 1317 vocatas
532 1275 596 1316 esse
623 1260 775 1334 putemus.
819 1261 940 1334 poetam
967 1261 1070 1316 tamen

47 1347 177 1424 saepius
209 1364 301 1424 quarn
331 1345 508 1405 historicum
539 1346 578 1405 ab
610 1347 743 1406 auctoris
770 1346 869 1407 verbis
898 1346 1069 1405 discessisse

48 1437 294 1498 consentaneum
317 1436 373 1494 est.
413 1437 548 1494 ceterum
570 1454 630 1494 non
653 1435 685 1493 in
707 1435 843 1494 civilium
865 1438 986 1495 tantum
1008 1434 1069 1493 bel-

46 1528 157 1587 lorum
185 1522 387 1601 descriptione
409 1523 518 1582 Florus
548 1522 677 1583 Senecae
705 1523 846 1583 historias
873 1524 996 1585 videtur
1025 1542 1069 1583 se·

49 1618 148 1676 cutus
171 1629 243 1674 esse.
284 1616 419 1673 veterem
442 1612 521 1670 enim
543 1612 632 1670 illum
654 1613 866 1672 historicorum
889 1632 1011 1689 morem,
1035 1616 1071 1672 ut

48 1702 144 1763 initio
174 1701 273 1779 operis
294 1719 341 1760 res
365 1701 516 1760 Romanas
538 1700 608 1759 inde
632 1719 650 1759 a
672 1701 843 1777 primordiis
866 1702 949 1762 urbis
973 1721 1069 1780 usque

51 1793 93 1852 ad
123 1809 161 1850 ea
187 1794 325 1867 tempora
352 1807 371 1848 a
399 1789 509 1867 quibus
536 1790 671 1866 ipsorum
699 1791 844 1866 prolixior
866 1793 1000 1851 narratio
1024 1792 1069 1850 in-

52 1879 189 1958 cipiebat
220 1879 306 1940 brevi
332 1881 495 1955 conspectu
523 1878 560 1938 ob
591 1879 693 1938 oculos
720 1879 888 1958 logentium
914 1885 1069 1958 ponerent,

10 1986 13 1991 ·
55 1970 204 2030 Senecam
219 1987 339 2045 quoque
354 1968 521 2028 servavisse
541 1986 575 2027 eo
593 1967 780 2043 probabilius
800 1972 855 2047 est,
874 1968 955 2046 quod
973 1972 1070 2029 totam

54 2056 216 2118 historiam
238 2056 345 2133 populi
367 2056 495 2115 Romani
517 2057 549 2114 in
573 2059 689 2116 aetates
712 2057 875 2116 distribuit.
921 2075 990 2115 cum
1012 2059 1069 2136 igi·

56 2151 108 2208 tur
140 2164 211 2206 eum
243 2147 384 2204 accurate
418 2148 449 2204 et
480 2144 642 2222 diligenter
673 2145 778 2203 relatis
808 2145 896 2203 bellis
929 2145 1068 2205 civilibus

56 2236 224 2313 epitomem
265 2236 456 2293 externorum
496 2233 687 2309 praemisisse
727 2232 977 2292 verisimillimum
1022 2235 1070 2312 sit,

58 2323 165 2403 quidni
195 2323 333 2397 Florum,
371 2322 483 2398 qnippe
521 2321 574 2398 qni
609 2322 671 2379 iam
707 2320 933 2397 dispositionem
972 2323 1070 2396 operis

56 2432 144 2474 suam
166 2412 304 2485 iecisset,
332 2411 408 2470 hanc
434 2429 555 2488 quoque
584 2411 731 2487 expilasse
759 2409 953 2470 censeamus?
998 2429 1069 2471 cave

56 2507 160 2564 tamen
192 2499 353 2560 credideris
386 2519 455 2559 eum
489 2500 567 2559 fonti
594 2500 665 2558 huic
692 2499 834 2575 primario
868 2499 1005 2559 servilem
1037 2501 1069 2558 in

56 2592 182 2652 modurn
205 2608 269 2649 sese
292 2589 449 2649 addixisse.
494 2589 550 2648 hoc
579 2589 659 2647 enirn
682 2592 713 2648 et
736 2608 754 2648 a
776 2592 887 2648 natura
909 2588 993 2648 Flori
1016 2589 1069 2648 ali·

58 2700 150 2741 enum
183 2682 262 2756 erat,
294 2697 384 2756 quem
412 2678 567 2755 eleganter
594 2681 625 2737 et
651 2677 749 2737 facete
778 2678 906 2737 scribere
933 2679 1068 2755 potuisse

54 2768 205 2846 imprimis
227 2768 431 2846 fragmentum
454 2767 568 2844 dialogi
586 2768 621 2826 dc
645 2767 770 2840 Vergilio
788 2771 902 2826 oratore
924 2785 965 2826 aa
981 2771 1070 2839 poeto

56 2859 156 2936 docet,
178 2875 277 2934 neque
299 2875 376 2934 quae
396 2856 448 2915 alii
467 2855 604 2914 dixerant
623 2855 661 2912 ad
680 2854 805 2914 verbnm
824 2874 912 2914 suum
931 2856 961 2912 in
980 2873 1070 2913 usum

52 2987 271 2998 ...-...-—-—-

130 3067 156 3132 1)
180 3062 211 3118 G.
236 3061 352 3114 Baiarus
380 3059 411 3113 in
438 3057 635 3112 dissertatione
659 3056 875 3113 Vratislaviensi
904 3057 971 3111 anni
1000 3063 1069 3112 1874

56 3137 112 3191 ‘De
130 3133 211 3188 Livio
234 3131 341 3186 Lucani
364 3130 394 3184 in
417 3129 540 3184 carmine
564 3127 697 3182 debello
722 3128 799 3184 civili
823 3130 957 3183 auctore'·
973 3128 1009 3182 ab
1032 3128 1068 3181 iis

53 3210 117 3263 stat
136 3205 186 3274 qui
203 3205 347 3271 Lucanum
363 3201 478 3256 unicum
491 3199 565 3254 Livii
584 3201 726 3254 auctorem
745 3202 856 3269 putant,
876 3199 925 3253 sed
943 3217 969 3268 p.
985 3205 1017 3253 41
1028 3217 1068 3268 sq.

53 3279 108 3334 illa
127 3275 210 3332 affert
228 3275 330 3343 quibus
348 3273 423 3329 inter
441 3289 470 3327 se
490 3270 668 3325 dissentiunt.

129 3351 156 3418 2)
179 3347 233 3402 hoc
261 3343 465 3400 demonstravit
492 3343 525 3397 H.
544 3341 667 3396 Dielsius
695 3341 726 3395 in
755 3339 994 3410 ‘Abhandlungen
1019 3342 1069 3397 der

52 3419 223 3548 ffiad'lder
241 3416 410 3471 Wisseusch.
431 3432 464 3468 zu
483 3412 589 3468 Berlin'
615 3413 682 3468 anni
702 3417 770 3467 1885
790 3411 870 3467 class.
887 3411 1066 3480 philos-hist.

112 3509 140 3561 P·
179 3507 218 3557 s(l-
537 3510 539 3513 ’
