2386 3922
519 152 633 203 INDEX

1018 151 1085 217 263

85 307 304 377 dimicaverunt,
332 308 420 363 donec
445 309 548 362 Arrun-
603 309 801 381 Tectosagi,
834 310 1083 382 Gallograecorum

87 381 146 432 tem
163 379 266 432 Brutus
286 379 389 433 occidit
409 384 498 448 1011

66 450 278 517 Tarquinius
299 450 438 504 Priscus
457 453 548 504 trans-
621 457 695 521 69,8

87 522 212 575 marinae
232 521 547 591 originis11‚22.12,2.
603 539 618 576 e
658 523 872 593 tegumentis
915 525 1084 594 pecudum

85 610 203 664 regnum
213 592 323 662 accepit
332 593 368 647 ob
378 593 548 647 industriam
620 594 749 664 Spartaci
783 594 888 649 milites
923 595 1081 651 inconditos

86 666 173 731 atque
183 662 355 733 elegantiam
367 671 407 732 12,
418 670 443 720 1.
468 680 547 718 sena·
620 665 676 719 sibi
695 664 801 735 clipeos
820 665 947 720 fecerunt
966 673 1025 736 128,
1042 674 1057 721 7

83 739 148 788 tum
169 752 283 789 numero
303 735 465 805 ampliavit,
484 752 547 790 cen·
601 736 784 791 Telesinus
803 756 829 791 1.
848 737 966 792 Pontius

84 806 167 859 turiis
204 807 293 860 tribus
326 806 406 860 auxit
438 806 547 875 equites
602 807 773 862 Tellurem
819 808 901 862 deam
943 809 1083 879 promissa

86 883 130 944 12,
141 883 165 931 3.
191 877 302 931 Attium
319 878 441 932 Nerium
459 895 547 948 augu-
619 879 690 933 aede
734 879 861 949 placavit
902 880 1081 950 Sempronius

83 965 144 1002 rem
157 948 188 1000 in
201 950 422 1018 experimentum
435 949 548 1019 rogavit
618 956 661 1018 37,
677 956 692 1003 6

86 1025 131 1087 12,
148 1026 173 1075 6.
209 1021 261 1073 XII
283 1020 402 1074 Tusciae
427 1020 546 1090 populos
600 1021 780 1075 temeritas
798 1021 964 1076 felicissima
979 1022 1081 1077 Caesa·

84 1090 199 1160 subegit
226 1096 272 1158 12,
299 1098 340 1145 12.
388 1091 489 1146 decora
517 1095 546 1146 et
617 1092 656 1146 ris
674 1109 725 1162 per
741 1093 828 1162 Alpes
846 1093 877 1146 in
896 1093 1020 1148 Galliam
1038 1111 1080 1148 re-

85 1161 216 1232 insignia,
225 1163 326 1230 quibus
334 1162 445 1232 imperii
453 1162 545 1232 digni-
619 1163 730 1217 deuntis
750 1169 840 1233 110,1

83 1235 128 1286 tas
136 1233 472 1303 eminet,instituit12,16.
480 1239 545 1301 15,6
598 1251 649 1304 per
672 1236 793 1304 Tempe
817 1234 980 1290 Thessalica
999 1236 1081 1290 Pom-

620 397 698 449 gens,
717 381 851 436 Romanis
868 398 897 436 se
913 383 1082 437 dediderunt

64 1304 275 1372 Tarquinius
300 1305 470 1375 Superbus
496 1321 544 1375 pc·

617 1305 697 1375 peius
717 1323 788 1373 equo
807 1306 882 1375 fugit
901 1311 961 1376 147,
978 1312 992 1360 7

85 1378 203 1429 stremus
218 1375 342 1430 omnibm
355 1393 454 1446 regum
469 1382 510 1444 13,
519 1381 543 1430 9.
598 1378 789 1447 tempestas
809 1376 909 1430 oborta
928 1377 1002 1432 inter
1018 1394 1080 1432 cae-

83 1446 207 1500 inmissis
229 1447 260 1500 in
282 1447 409 1502 Servium
433 1463 545 1517 percus-

82 1515 193 1571 soribus
216 1518 319 1572 scelere
337 1518 448 1588 peperit
465 1519 543 1588 pote·

81 1591 185 1643 statem
219 1595 266 1658 13,
296 1595 336 1644 12.
384 1589 444 1643 eius
475 1606 546 1643 uxor

82 1660 177 1713 Tullia
192 1665 286 1728 13,14.
313 1677 376 1714 cum
395 1660 545 1714 saevitiam

81 1731 160 1784 domi
191 1731 354 1801 fatigasset,
386 1731 417 1784 in
448 1731 543 1786 hostes

79 1809 288 1870 conversus13,
305 1809 345 1857 18.
374 1803 464 1856 filium
482 1819 543 1856 ver-

80 1875 180 1927 berare
200 1891 258 1928 non
276 1872 420 1928 dubitavit
439 1879 484 1942 13,
500 1878 542 1926 21.

79 1944 219 2014 templum
246 1945 334 1999 erexit
358 1950 404 2011 14,
424 1947 448 1998 5.
493 1943 543 1996 im-

80 2015 191 2085 perium
226 2016 339 2086 regibus
376 2014 545 2084 abrogatum

82 2092 182 2154 14,16.
205 2092 304 2155 15,17.
337 2085 464 2156 agitatus
484 2085 543 2139 eius

80 2157 191 2210 iniuriis
228 2157 348 2227 populus
387 2155 545 2226 cupiditate

81 2228 223 2283 libertatis
256 2227 415 2282 incenditur
448 2233 494 2296 11,
518 2234 543 2283 9.

81 2302 185 2354 Brutus
209 2302 238 2354 et
261 2299 373 2354 Cassius
397 2299 545 2352 Caesarem

80 2371 164 2440 quasi
182 2370 212 2425 T.
234 2370 375 2440 depulisse
397 2385 483 2440 regno
503 2370 543 2423 vi-

81 2443 222 2496 debantur
241 2448 300 2510 158,
316 2447 349 2495 16

63 2513 92 2568 S.
117 2513 339 2582 Tarquinius,
368 2511 487 2582 Superbi
515 2511 543 2579 f,

81 2583 180 2639 Gabiis
214 2584 391 2653 transfugam
429 2582 545 2636 simulat

82 2662 128 2723 13,
153 2662 196 2709 21.
241 2656 388 2710 Lucretiae
417 2658 545 2724 stuprum

81 2727 179 2780 intulit
199 2732 289 2795 14,15

62 2798 94 2851 in
122 2798 329 2852 Tarraconis
357 2797 542 2851 maritimis

80 2871 225 2938 Augustus
248 2885 292 2923 res
312 2885 362 2938 per
384 2868 494 2939 legatos
513 2868 544 2920 in

81 2940 235 2994 Cantabria
249 2943 344 3010 gestas
359 2939 470 3008 accepit
483 2944 543 3007 179,

81 3018 123 3067 13.
157 3011 352 3065 describuntur
372 3014 431 3077 185,
446 3015 480 3062 22

60 3100 128 3135 cum
152 3083 183 3136 T.
209 3082 309 3135 Tatio
337 3099 393 3151 pax
420 3081 498 3134 facta
526 3097 543 3133 a

80 3154 200 3208 Romulo
224 3158 253 3221 8,
279 3158 320 3206 19.
365 3152 464 3206 Sabini
491 3151 542 3204 im-

79 3242 217 3279 memores
245 3225 339 3278 factac
363 3223 414 3277 sub
439 3224 469 3277 T.
494 3224 542 3276 ad·

79 3296 199 3350 finitatis
219 3301 309 3364 27,16

60 3383 96 3420 01
114 3367 228 3421 taxeis
244 3365 390 3421 arboribus
406 3382 544 3419 venenum

80 3439 157 3508 apud
189 3437 344 3493 Cantabros
380 3437 544 3507 exprimitur

81 3514 173 3579 110,0

617 1448 682 1502 dem
704 1447 817 1503 Romuli
841 1455 870 1518 9,
894 1453 936 1502 10.
973 1451 1081 1520 tempe-

618 1521 693 1572 state
729 1518 874 1573 intercidit
910 1518 993 1574 Fabii
1024 1520 1080 1573 Bu-

617 1591 709 1644 teonis
736 1590 895 1660 triumphus
919 1595 962 1657 47,
988 1596 1011 1646 7.
1049 1591 1080 1645 in

616 1661 755 1731 Hispania
765 1678 794 1714 se
804 1661 894 1716 movit
903 1661 1080 1716 belliPunici

616 1732 732 1787 secundi
746 1734 766 1786 t.
777 1737 819 1801 53,
832 1739 855 1788 1.
876 1732 996 1787 Asiatici
1009 1733 1080 1787 belli

614 1807 693 1858 mota
716 1806 736 1859 t.
761 1808 865 1871 61,16,
902 1804 1078 1870 Mithridatis

615 1874 735 1929 classem
763 1875 897 1944 adgressa
924 1877 944 1930 t.
970 1880 1015 1944 98,
1037 1882 1078 1930 14.

615 1945 757 2014 Mariana,
795 1946 910 2013 Syllana
942 1948 962 2001 t.
987 1947 1080 2002 unde?

617 2022 730 2084 114,12.
764 2017 880 2083 Syllana
895 2019 916 2070 1.
932 2017 1007 2072 intra
1021 2019 1079 2073 lta-

615 2086 686 2140 liam
695 2087 863 2141 detonuerat
874 2093 964 2155 139,2.
985 2089 1080 2144 sidera

616 2158 703 2211 flexus
726 2160 894 2227 tempestate
917 2159 1080 2228 significant

598 2300 761 2369 templum
779 2299 885 2353 Statori
899 2299 960 2353 lovi
974 2301 1077 2353 Romu-

616 2371 660 2424 lus
679 2373 764 2424 vovet
777 2376 802 2435 8,
818 2375 859 2424 18.
887 2371 907 2423 1.
928 2370 963 2424 de
981 2388 1078 2425 manu-

616 2442 671 2495 biis
693 2443 841 2511 captarum
859 2441 971 2494 urbium
990 2441 1079 2496 erexit

616 2513 784 2582 Tarquinius
800 2518 841 2578 14,
853 2516 876 2566 t.
905 2513 1012 2582 templa
1027 2513 1080 2567 Ca-

616 2584 738 2638 storibus
757 2584 788 2637 in
805 2582 912 2653 proelio
933 2585 1009 2654 apud
1024 2586 1078 2639 Re-

615 2654 680 2726 gilli
706 2656 800 2709 lacum
827 2655 987 2709 Postumius
1015 2674 1078 2726 pro·

615 2726 694 2780 misit
719 2729 748 2779 et
770 2725 896 2780 reddidit
920 2733 966 2795 19,
986 2734 1010 2782 9.
1048 2729 1078 2781 in

616 2797 768 2852 certamine
808 2815 872 2850 cum
913 2797 1077 2852 Sallentinis

615 2869 752 2938 templum
775 2868 830 2922 sibi
849 2867 931 2922 Pales
949 2868 1079 2937 poposcit

615 2945 711 3009 37,10,
732 2957 809 2993 arma
824 2940 952 2993 detracta
964 2939 1077 3008 templis

614 3014 680 3081 post
706 3010 845 3081 proelium
873 3011 943 3079 aput
968 3009 1078 3064 Cannas

615 3087 715 3150 55,15,
745 3079 859 3136 Caesari
878 3079 952 3134 circa
970 3081 1078 3151 templa

615 3153 752 3224 imagines
772 3153 902 3206 decretae
922 3155 981 3219 154,
997 3158 1012 3205 3

597 3225 758 3279 Tencteri
767 3226 800 3293 (7)
816 3222 850 3276 de
861 3222 998 3276 Germano
1011 3240 1077 3291 que·

614 3296 749 3350 rebantur
759 3301 819 3362 108,
830 3299 854 3349 8.
874 3310 921 3348 cos
931 3311 1077 3364 percucur-

614 3368 653 3421 rit
671 3368 777 3420 Drusus
798 3370 857 3434 174,
872 3369 888 3418 5

598 3437 625 3492 C.
660 3437 840 3492 Terentius
873 3437 979 3491 Varro
1012 3442 1078 3508 post

616 3509 725 3563 Cannas
744 3527 800 3563 non
815 3509 975 3578 desperavit
988 3514 1076 3576 14,18
