2386 3922
132 161 175 224 92
495 162 606 214 raom
623 161 785 214 ΕΡΙΤΟΜΔ

132 328 241 387 inlesto
265 329 381 404 agmine
405 325 511 386 urbem
534 328 690 407 petissent,
713 325 824 404 grande
846 324 1025 406 discrimem
1050 325 1149 386 sedin

132 416 267 496 Venetia,
296 434 355 494 quo
384 416 446 476 lere
474 421 572 476 tractu
598 414 682 475 ltalia
709 413 883 474 mollissima
910 421 971 496 est,
1002 417 1069 493 ipsa
1095 413 1148 475 soli

133 504 267 583 caelique
304 504 462 565 clementia
496 503 588 565 robur
621 503 760 582 elanguit.
816 502 852 563 ad
884 503 942 563 hoc
976 505 1065 582 panis
1093 520 1146 564 usu
1181 476 1186 543 l

134 596 291 671 carnisque
325 600 425 653 coctae
459 600 489 652 et
521 592 678 653 dulcedine
710 594 773 652 vini
800 593 953 670 mitigatos
980 591 1092 652 Marius
1116 593 1145 650 iu

81 693 115 741 14
133 690 268 760 tempore
291 681 450 759 adgressus
474 688 527 741 est.
565 677 701 759 †venere
725 680 769 740 illi
793 698 881 760 quam
905 686 935 740 et
957 682 991 740 in
1013 678 1144 740 barbaris
1163 686 1175 733 Ι

133 771 225 832 multa
244 771 376 847 vestigia.
409 769 489 829 diem
507 787 623 847 pugnae
643 788 659 829 a
677 777 780 830 nostro
794 771 976 847 imperatore
990 770 1143 847 petierunt,

134 866 164 920 et
192 862 235 919 sic
263 860 431 936 proximum
458 857 548 918 dedit.
595 859 627 918 in
649 860 866 937 patentissimo,
890 874 980 936 quem
1002 855 1143 917 Raudium

134 954 253 1027 vocant,
280 965 384 1026 campo
408 965 596 1007 concurrere.
642 947 712 1006 iude
736 946 818 1007 milia
842 947 995 1024 sexaginta
1019 948 1140 1024 quinque

135 1037 284 1115 cecidere,
311 1036 381 1096 hinc
409 1037 552 1096 trecentis
580 1037 692 1116 minus3
719 1054 774 1115 per
802 1052 921 1095 omnem
947 1034 1029 1094 diem
1053 1034 1139 1094 conci-

82 1126 216 1185 luditur
244 1123 397 1185 barbarus.
443 1125 512 1184 istic
541 1142 659 1203 quoque
683 1126 846 1203 imperator
869 1122 1025 1184 addiderat
1048 1121 1138 1182 virtuti

135 1213 235 1274 dolum
265 1220 386 1274 secutus
409 1212 605 1273 Hannibalem
633 1219 786 1291 artemque
810 1211 993 1272 Cannarum:
1020 1213 1139 1290 primm

135 1301 314 1362 nebulosum
341 1309 468 1362 nanctus
496 1302 589 1382 diem,
617 1308 650 1361 ut
673 1302 753 1362 hosti
776 1303 946 1380 inopinatus
971 1303 1137 1376 occurreret,

135 1399 199 1451 tum
231 1398 387 1451 ventosum
416 1409 549 1470 quoque,
581 1397 614 1450 ut
640 1389 737 1468 pulvis
765 1392 797 1451 in
825 1389 927 1450 oculos
956 1395 987 1449 et
1015 1408 1066 1450 ora
1090 1389 1137 1448 ler-

136 1487 228 1559 retur‚
252 1486 315 1538 tum
334 1481 397 1539 acie
417 1496 559 1538 conversa
578 1480 609 1537 in
628 1480 783 1558 orientem,
806 1485 849 1559 ut,
872 1477 951 1557 quod
972 1497 1009 1538 ex
1029 1475 1136 1556 captivis

136 1586 205 1628 mox
234 1569 385 1646 cognitum
411 1575 469 1647 est,
498 1585 534 1627 ex
558 1566 715 1645 splendore
739 1566 890 1645 galearum
915 1585 949 1626 ac
972 1579 1136 1645 repercussu

84 1670 117 1718 16
138 1658 223 1734 quasi
246 1656 351 1715 ardere
375 1655 490 1716 caelum
513 1656 674 1715 videretur.
716 1674 772 1716 nec
795 1657 894 1715 minor
918 1673 986 1715 cum
1010 1652 1138 1715 uranius
1161 1662 1164 1693 ³

137 1761 241 1804 eorum
264 1761 362 1821 pugna
386 1761 475 1821 quam
499 1762 567 1803 cum
591 1745 666 1821 ipsis
689 1744 759 1824 luit,
782 1763 850 1804 cum
874 1743 1000 1804 obiectis
1022 1742 1138 1819 undique

136 1832 279 1911 plaustris
307 1838 395 1909 atque
424 1834 574 1910 carpentis
603 1832 678 1892 altae
708 1832 838 1911 desuper
861 1831 1020 1893 securibus
1044 1832 1138 1892 contis·

84 1936 116 1983 17
137 1938 194 1997 que
218 1927 393 1998 pugnarent.
439 1920 565 1998 perinde
595 1923 731 2000 speciosa
753 1939 834 1981 mors
859 1939 962 1981 earum
985 1920 1043 1981 luit
1065 1934 1141 1999 quam
1164 1904 1186 2017 j

208 2113 222 2161 1
243 2105 345 2161 infesto
365 2111 391 2177 (o
411 2110 611 2179 corr.eaa)B
628 2110 632 2177 Ι
649 2108 951 2163 essetaatesedadd.
969 2108 1143 2177 0112111111

137 2195 192 2246 quo
211 2180 274 2233 add.
289 2180 317 2232 Β
333 2182 337 2248 Ι
353 2178 437 2233 italia
454 2181 600 2247 (posterior
619 2196 636 2232 a
655 2197 723 2235 corr.
743 2197 777 2234 ea
796 2182 821 2251 g)
835 2180 863 2232 Β
877 2181 886 2247 ΙΙ
901 2184 916 2231 3
936 2178 1081 2232 dementia
1098 2179 1122 2232 L
1136 2176 1144 2247 ΙΙ

136 2255 154 2302 4
181 2249 341 2318 mittigatos
364 2250 391 2303 L
418 2253 427 2320 ΙΙ
455 2255 470 2303 5
495 2266 644 2320 aggressus
668 2250 695 2303 L
720 2252 724 2318 Ι
749 2251 793 2304 est
815 2281 849 2288 —
873 2248 997 2318 uestigia
1020 2266 1070 2304 our.
1093 2249 1118 2302 Β
1140 2249 1144 2319 Ι

136 2337 238 2375 uenere
253 2353 286 2360 —
301 2321 423 2391 uestigia
447 2338 496 2376 oui.
516 2322 543 2374 L
566 2337 668 2375 uenere
690 2320 735 2374 illi
747 2365 752 2376 .
764 2337 849 2389 quam
867 2322 959 2373 metus
978 2319 1009 2373 in
1027 2320 1053 2376 b.
1074 2318 1147 2373 nulls

136 2411 162 2447 v.
187 2393 339 2447 Salmasius
365 2408 467 2446 venere
494 2391 560 2445 ilico
590 2390 656 2472 (ipsi
678 2392 834 2472 Halmius),
862 2408 929 2444 nam
956 2393 1049 2444 metus
1072 2391 1102 2444 in
1121 2389 1146 2445 b.

45 2499 49 2506 -
136 2463 215 2516 nulla
233 2481 259 2517 v.
274 2465 393 2517 Iahnius
413 2465 497 2530 atque
516 2461 557 2515 rei
575 2461 654 2516 ilhus
672 2461 788 2516 tametsi
806 2481 836 2515 1n
854 2463 881 2517 b.
900 2461 991 2515 multa
1008 2480 1045 2530 r.‚
1065 2462 1147 2530 Saup

133 2536 201 2603 pius
219 2549 319 2587 venere
339 2533 390 2598 illi,
411 2550 583 2601 quamquam
600 2534 692 2586 metus
711 2535 743 2586 ut
757 2533 787 2586 in
800 2533 827 2588 b.
842 2551 878 2587 m.
894 2531 941 2587 u?
955 2535 964 2602 ΙΙ
980 2538 995 2586 6
1009 2533 1077 2587 Jam
1091 2539 1149 2588 arete

137 2603 212 2656 diem
231 2605 294 2658 add.
315 2604 342 2656 L
359 2606 388 2657 et
407 2604 482 2658 diem
501 2605 633 2658 Halmius
651 2606 660 2673 ΙΙ
679 2610 694 2657 7
714 2606 743 2658 11
760 2604 807 2657 hic
825 2605 989 2659 Perizonius
1006 2605 1016 2674 ΙΙ
1039 2611 1055 2658 8
1073 2603 1150 2658 milia

136 2673 202 2726 inde
228 2673 251 2727 0
273 2675 277 2742 Ι
303 2674 452 2744 sexaginta
477 2674 601 2743 quinque
624 2676 653 2729 Β
675 2677 717 2733 ffir
741 2677 764 2729 0
786 2674 817 2728 id
840 2676 883 2728 est
901 2677 955 2734 if„
980 2677 1012 2729 iu
1030 2677 1150 2747 margine

137 2745 171 2798 N
175 2746 193 2812 ²,
220 2761 363 2798 uariarum
390 2753 549 2815 corruptura
576 2752 706 2815 temptare
732 2747 824 2814 uolui,
852 2759 911 2800 exn
934 2745 1016 2799 milia
1042 2746 1151 2802 Orosius

141 2816 223 2884 1716,
238 2821 290 2882 16,·
309 2815 466 2884 Eutropius
485 2817 542 2872 Va
565 2818 574 2885 Ι
597 2824 613 2870 9
633 2814 795 2871 ceciderunt
814 2816 838 2871 0
855 2819 859 2885 Ι
879 2816 978 2872 tertio:
998 2833 1069 2873 corr.
1085 2835 1126 2888 up.
1146 2816 1149 2888 Ι

137 2903 219 2941 omne
237 2886 264 2939 Β
287 2888 296 2955 ΙΙ
318 2892 351 2940 10
369 2887 435 2940 istic
454 2889 479 2956 (o
498 2904 557 2957 sup.
572 2904 638 2943 vers.
654 2906 688 2943 ru.
703 2889 733 2956 2)
751 2888 785 2941 N
799 2886 853 2941 iste
872 2887 899 2939 L
916 2891 920 2954 Ι
937 2887 1083 2943 addiderit
1099 2888 1127 2942 Β
1144 2894 1151 2951 ’ζ

138 2964 170 3010 11
190 2957 374 3011 hannibalem
392 2958 420 3027 (h
439 2976 498 3026 sup.
517 2960 595 3027 cers.)
615 2959 643 3011 Β
665 2960 675 3027 ΙΙ
698 2963 731 3010 12
749 2960 850 3012 nactus
868 2958 929 3011 BL
951 2960 955 3026 Ι
979 2960 1009 3011 et
1017 2959 1055 3029 (?)
1075 2961 1106 3014 ia
1123 2960 1153 3013 ut

136 3031 254 3084 mutauit
271 3029 313 3081 B¹
337 3032 341 3098 Ι
367 3028 503 3101 occurlret
525 3031 621 3098 (supra
639 3031 683 3083 ret
700 3047 735 3083 m.
753 3034 772 3084 2
789 3031 829 3098 re)
848 3029 882 3082 N
901 3030 910 3097 ΙΙ
934 3035 967 3082 13
986 3029 1084 3099 puluis
1102 3047 1149 3085 om.

137 3100 165 3153 Β
190 3103 194 3169 Ι
220 3099 308 3154 oculis
327 3101 355 3153 Β
380 3102 384 3168 Ι
409 3100 528 3153 ferretur
552 3101 658 3168 (prima
675 3118 689 3152 r
707 3117 794 3169 supra
811 3117 917 3155 ausum
935 3117 969 3154 ru.
990 3102 1018 3170 1)
1036 3102 1066 3155 Β
1089 3104 1098 3171 ΙΙ
1120 3106 1152 3154 14

138 3170 212 3224 acies
231 3172 259 3224 Β
278 3169 346 3224 aciae
366 3173 555 3239 (posteriorem
574 3187 592 3223 a
610 3172 745 3239 capusuait
762 3188 796 3225 ru.
812 3172 842 3239 2)
861 3170 911 3238 ΝΙ
928 3170 1052 3240 captiuis
1072 3189 1107 3226 ex
1124 3175 1154 3226 iu

138 3242 213 3308 quod
233 3257 266 3294 ex
284 3243 402 3296 eorreait
420 3242 448 3294 Β
471 3242 480 3309 ΙΙ
504 3245 537 3293 15
556 3240 691 3309 pleudore
711 3242 778 3296 BN
800 3244 804 3310 Ι
828 3240 987 3310 gallearum
1006 3243 1034 3295 Β
1061 3246 1065 3312 Ι
1092 3258 1153 3296 aere

137 3328 269 3381 pereussa
285 3314 312 3379 (o
327 3319 447 3367 correcta
459 3329 494 3365 ex
507 3313 565 3380 um)
575 3312 602 3365 Β
617 3327 680 3365 aere
695 3328 857 3381 repercusso
868 3313 987 3366 Iahuius
1001 3315 1011 3383 ΙΙ
1025 3318 1059 3367 16
1071 3331 1154 3382 quam

137 3383 165 3435 Β
188 3385 197 3451 ΙΙ
221 3387 254 3435 18
275 3382 332 3436 alte
357 3382 476 3451 desuper
498 3381 580 3449 quasi
599 3381 740 3436 aturribus
759 3383 793 3436 N
808 3382 866 3436 alte
885 3383 1006 3452 desuper
1023 3385 1110 3453 quasi
1127 3386 1155 3438 et

137 3452 255 3576 nglibus
275 3454 301 3506 L
312 3453 456 3579 ⁶pdlanpeis
476 3456 502 3521 (e
521 3460 641 3508 correcta
658 3471 693 3508 m.
713 3460 732 3509 2
751 3471 785 3508 ea
803 3453 824 3524 i)
843 3460 906 3509 aute
924 3454 1072 3523 contisque
1092 3456 1154 3511 add.

199 3522 292 3576 auseis
349 3526 375 3579 d.
