2386 3922
138 161 204 229 120·
500 166 610 218 suoru
628 167 789 219 nemone

75 353 78 357 ·
138 330 308 391 tribunatus
336 329 498 409 subrogare
526 338 648 392 conatus
677 338 723 391 est
747 333 779 391 in
803 333 867 391 eius
889 331 989 393 locum
1014 331 1044 393 C.
1064 331 1149 394 Grac-

140 418 237 496 chum,
260 418 411 479 bominem
435 420 498 479 sine
521 419 612 500 tribu,
636 421 700 479 sine
724 427 837 500 notore,
861 422 925 480 sine
949 423 1085 502 nomine;
1108 431 1149 482 set

102 507 259 568 asubdito
293 507 379 568 titulo
411 510 442 567 in
474 507 614 568 familiam
644 511 708 587 ipse
737 527 769 569 se
798 509 963 588 adoptabat.
1015 529 1084 571 oum
1109 518 1150 571 tot

139 598 289 675 tantisque
312 596 450 657 ludibriis
474 596 619 657 exultmet
641 599 763 677 inpune,
786 597 926 676 rogandis
951 598 1148 660 Gracchorum

137 684 254 763 legibus
272 687 314 745 ita
328 685 517 746 vehementer
536 685 672 746 incubuit
689 693 723 747 ut
742 693 877 746 senatum
897 705 1016 767 quoque
1032 695 1148 766 cogeret
1167 706 1176 748 t

138 775 169 833 in
202 773 292 834 verba
323 777 435 855 iurare,
468 793 535 835 cum
568 774 766 836 abnuentibus
798 794 874 854 aqua
907 783 936 836 et
969 778 1033 855 igni
1061 779 1147 837 inter-

101 862 288 923 3dicturum
321 881 353 922 se
386 865 557 923 minaretur.
604 882 683 924 unus
716 871 816 924 tamen
843 866 942 924 extitit
970 867 1024 944 qui
1052 865 1147 926 mallet

138 950 269 1011 exilium.
315 953 407 1030 igitur
434 959 501 1030 post
527 952 636 1013 Metelli
663 954 763 1030 lugam
791 955 872 1012 omni
900 952 1056 1015 nobilitate
1083 973 1147 1035 per·

138 1039 220 1100 oulsa
248 1057 316 1099 cum
344 1043 403 1100 iam
433 1043 553 1101 tertium
577 1059 686 1102 annum
710 1041 926 1122 dominaretur,
954 1061 989 1103 eo
1013 1046 1146 1104 vesaniae

137 1146 314 1207 progressus
342 1137 388 1188 est
414 1135 447 1189 ut
475 1128 641 1190 consularia
669 1148 786 1209 quoque
816 1132 934 1191 comitia
962 1150 1038 1193 nova
1061 1131 1187 1193 caedem

100 1216 279 1277 eturbaret.
326 1218 436 1296 quippe
463 1224 497 1278 ut
520 1217 677 1278 satellitem
699 1218 810 1279 luroris
834 1221 881 1280 sui
904 1219 1057 1281 Glauciam
1080 1239 1145 1282 con-

138 1305 234 1366 sulem
261 1305 384 1386 laceret,
412 1305 443 1366 C.
466 1305 637 1367 Memmium
662 1310 877 1385 conpetitorem
904 1310 1035 1370 interfici
1062 1311 1147 1370 iussit

138 1403 168 1454 et
190 1397 222 1454 in
245 1412 280 1454 eo
303 1394 432 1455 tumultu
455 1413 556 1474 regem
579 1415 616 1456 ex
640 1395 814 1457 satellitibus
835 1399 897 1457 suis
917 1415 949 1457 se
969 1398 1145 1477 appellatum

101 1495 117 1544 o
137 1482 231 1543 laetus
256 1486 377 1561 accepit.
423 1491 487 1544 tum
510 1503 580 1545 vero
603 1486 662 1545 iam
686 1487 903 1564 conspiratione
928 1493 1060 1567 senatus,
1083 1490 1143 1567 ipso

137 1590 255 1650 quoque
274 1574 333 1631 iam
351 1573 443 1632 Mario
463 1573 593 1654 consule,
618 1576 686 1653 quia
704 1576 783 1634 tueri
800 1592 860 1634 non
878 1582 1003 1655 poterat,
1023 1576 1143 1636 adverso
1155 1594 1183 1636 rs

137 1661 266 1721 directae
299 1663 330 1719 in
362 1662 426 1720 loro
459 1664 550 1743 acies3
581 1662 686 1741 pulsus
718 1662 787 1723 inde
821 1662 998 1743 Capitolium
1031 1666 1141 1725 invasit

100 1762 117 1810 6
137 1748 189 1808 sed
208 1767 276 1808 cum
294 1748 428 1828 abruptis
447 1749 555 1810 fistulis
575 1750 761 1812 obsideretur
776 1754 950 1831 senatuique
964 1770 1020 1830 per
1034 1752 1140 1832 legatos

135 1839 333 1915 paenitentiae
357 1836 446 1897 iidem
469 1837 588 1920 laceret,
611 1839 647 1899 ab
666 1858 733 1900 arce
753 1840 912 1918 degressus
931 1859 1000 1901 cum
1019 1841 1140 1903 ducibus
1172 1868 1174 1873 r

136 1925 272 1984 factionis
295 1932 433 2003 receptus
457 1928 489 1986 in
512 1929 626 1988 curiam
644 1930 697 1988 est.
730 1927 773 1988 ibi
792 1947 860 1988 eum
878 1929 954 1990 lacta
973 1931 1140 2010 inruptione

135 2012 262 2159 poptdus
282 2013 410 2075 fustibus
430 2018 566 2095 saxisque
587 2024 760 2096 coopertum
778 2018 810 2076 in
828 2020 892 2096 ipsa
911 2035 1031 2097 quoque
1051 2026 1169 2080 morteto

146 2104 282 2162 aceravit.

427 2228 458 2288 V.
492 2227 637 2290 SEDITIO
661 2228 853 2290 DRVSIANA.

27 2365 131 2447 111,17
202 2368 355 2429 Postremo
378 2369 479 2429 Livius
498 2368 611 2430 Drusus
635 2389 695 2431 non
719 2371 887 2433 tribunatus
910 2373 998 2433 modo
1022 2374 1139 2452 viribus,

134 2457 187 2517 sed
211 2460 306 2536 ipsius
331 2461 419 2518 etiam
442 2466 561 2518 senatus
585 2462 759 2520 auctoritate
782 2463 933 2540 totiusque
953 2461 1056 2524 ltaliae
1077 2481 1138 2523 con·

206 2615 220 2661 1
240 2627 266 2679 g.
286 2611 438 2679 gracchum
458 2609 481 2665 0
500 2613 509 2680 ΙΙ
532 2618 547 2664 2
567 2611 627 2666 sine
645 2612 736 2666 tribus
755 2614 783 2667 Β
802 2612 936 2668 sinetrib·
956 2615 1005 2684 (bu
1023 2613 1140 2692 suprab

133 2698 167 2733 or.
186 2683 215 2748 2)
234 2681 268 2733 N
285 2684 289 2750 Ι
310 2680 370 2734 sine
387 2682 500 2735 notores
518 2683 546 2736 Β
564 2700 614 2738 om.
634 2683 658 2738 0
674 2685 678 2752 Ι
700 2683 755 2738 Sed
773 2684 800 2737 L
817 2685 826 2751 ΙΙ
845 2692 860 2738 3
881 2685 974 2739 subito
994 2688 1023 2741 Β
1038 2690 1042 2756 Ι
1061 2687 1140 2741 adob-

133 2750 217 2803 tabat
234 2751 261 2803 L
282 2751 434 2822 adoptarat
452 2753 583 2808 Halmius
605 2756 615 2822 Ι
637 2760 655 2808 4
672 2753 787 2824 impune
807 2755 856 2825 ΟΙΙ
878 2760 893 2808 5
913 2759 1076 2812 neementer
1093 2759 1120 2812 Β
1134 2756 1141 2827 ΙΙ

134 2826 150 2873 6
170 2821 357 2876 annuentibus
376 2824 404 2877 Β
422 2826 431 2892 ΙΙ
450 2829 464 2877 7
486 2840 514 2877 se
533 2841 582 2879 om.
598 2826 625 2879 Β
644 2826 653 2894 ΙΙ
672 2831 688 2877 9
707 2825 764 2879 iam
786 2842 849 2879 cum
868 2827 901 2880 N
911 2829 919 2896 ΙΙ
935 2833 968 2880 10
988 2828 1141 2882 consolaria

133 2894 161 2960 (v
179 2909 266 2961 supro
280 2897 455 2962 posteriorem
475 2898 501 2964 o)
520 2897 547 2950 Β
567 2895 708 2950 consulari
726 2898 753 2950 L
771 2899 780 2966 ΙΙ
799 2902 831 2950 11
852 2896 909 2950 suis
929 2899 963 2953 N
979 2906 983 2957 l
1006 2898 1142 2954 claueiam

132 2964 167 3018 N
182 2962 317 3018 olautiam
335 2965 362 3018 L
381 2968 390 3035 ΙΙ
413 2972 445 3018 12
464 2965 556 3020 facere
572 2969 600 3022 Β
617 2968 621 3037 Ι
636 2967 766 3036 publium
784 2967 949 3022 mummium
962 2970 991 3024 Β
1011 2987 1033 3025 o.
1052 2988 1144 3026 meum

132 3033 220 3087 mium
243 3036 277 3088 N
296 3052 318 3090 o.
338 3036 501 3090 memmium
524 3038 557 3091 N
561 3038 571 3070 ²
590 3055 612 3092 e.
631 3038 783 3092 menmium
802 3040 843 3108 L,
870 3041 905 3107 ef.
925 3040 1006 3096 lecti
1020 3059 1080 3110 per.
1101 3047 1144 3109 69,

132 3106 281 3160 Sallustios
299 3108 361 3178 Iup.
377 3114 416 3162 27
421 3112 462 3175 ,2
484 3113 487 3174 Ι
509 3110 666 3178 copetorem
684 3110 712 3163 Β
732 3111 742 3178 ΙΙ
765 3114 798 3163 18
818 3110 1011 3165 exatellitibus
1030 3113 1059 3166 B
1079 3128 1145 3167 sea

132 3176 304 3230 satellitibus
324 3178 455 3232 Halmius
476 3181 480 3248 Ι
501 3196 530 3233 se
549 3197 598 3234 om.
614 3180 697 3249 BN!
714 3181 869 3250 apellatum
887 3183 916 3236 Β
933 3185 942 3251 ΙΙ
962 3188 995 3237 16
1016 3184 1145 3238 derectae

132 3248 160 3301 Β
177 3251 181 3316 Ι
197 3249 328 3317 expulsus
349 3250 372 3304 0
391 3252 400 3319 ΙΙ
424 3256 456 3302 17
476 3250 603 3320 abruptis
627 3252 656 3319 (p
676 3268 763 3320 supro
780 3255 896 3322 uersam)
915 3254 943 3307 B
967 3253 971 3324 Ι
996 3254 1101 3310 fistolis
1118 3256 1145 3336 Ιο

131 3321 163 3372 iu
181 3337 199 3372 v
217 3324 334 3374 mutavit
351 3339 384 3375 m.
400 3323 427 3390 1)
441 3320 469 3373 Β
485 3324 489 3390 Ι
506 3323 661 3390 senatuque
675 3322 702 3375 L
715 3325 723 3392 ΙΙ
739 3328 771 3377 18
792 3322 933 3393 digressam
948 3325 977 3378 B
989 3328 999 3394 ΙΙ
1015 3331 1048 3379 19
1062 3325 1145 3379 fact1-

132 3389 193 3442 onia
218 3393 364 3460 (posterior
381 3391 392 3443 i
410 3409 444 3445 m.
461 3398 476 3445 1
496 3399 616 3446 correcto
634 3410 668 3448 ec
687 3410 714 3461 e,
739 3411 751 3447 s
769 3396 801 3448 ire
819 3411 920 3450 rosera
937 3414 971 3451 oe.
988 3400 1015 3465 1)
1035 3398 1070 3451 N
1083 3399 1093 3467 ΙΙ
1111 3401 1144 3450 20

131 3463 259 3529 opertum
277 3462 306 3515 Β
328 3463 331 3530 Ι
354 3461 384 3515 in
403 3479 452 3517 om.
473 3464 500 3516 Β
523 3465 527 3533 Ι
549 3465 645 3533 mopte
663 3466 692 3533 (p
710 3467 742 3519 ire
759 3479 779 3518 R
797 3468 914 3522 metavit
931 3485 964 3522 m.
983 3469 1012 3536 1)
1031 3469 1060 3522 Β
1080 3472 1090 3537 Ι
1110 3472 1144 3521 22

127 3544 286 3586 nausmnn
304 3546 422 3588 summo
443 3534 467 3589 0
