2386 3922
373 208 574 261 PRAEFATIO
592 209 764 261 EDITORIS
983 208 1075 263 XXIII

66 411 68 416 ·
128 375 291 435 Praeterea
322 374 361 434 ad
387 374 510 435 Florum
541 375 755 434 recensendum
787 374 899 454 duplex
925 377 1072 436 auxilium
1087 389 1173 430 sona·

58 465 208 526 habemus
236 483 340 525 eorum
366 464 578 524 historicorum
605 464 716 541 quibus
744 469 799 525 aut
826 466 899 543 ipsis
927 485 999 526 usus
1027 469 1075 526 est
1101 454 1155 483 ⁰⁸¹¹

59 557 117 614 aut
145 572 275 632 quorum
297 554 398 612 fontes
426 552 571 629 expilavit
599 557 758 613 eteorum
782 555 835 632 qui
858 556 1020 631 epitomem
1043 556 1074 614 in

59 662 152 703 suum
174 661 264 702 usum
287 644 508 702 converterunt.
548 660 614 701 eum
639 646 742 703 autem
765 644 798 703 hi
821 644 991 721 gravissimi
1014 645 1075 704 sint

59 736 93 793 et
120 732 227 792 eodem
253 732 317 790 fere
344 731 410 791 loeo
439 732 532 808 atque
559 731 667 806 optimi
695 732 812 793 codices
833 734 977 811 ponendi,
1005 734 1075 793 illos

61 823 160 882 multo
184 820 304 880 oautius
328 819 468 880 adhibere
488 819 638 880 debemus.
670 840 742 879 nam
760 825 796 880 ut
814 823 931 880 taceam
949 823 1076 882 insitum

59 909 98 971 iis
131 910 186 988 qui
218 909 348 969 aliorum
378 909 471 969 libros
504 910 676 969 exscribunt
707 910 840 972 novandi
872 911 1007 970 studium
1044 916 1076 970 et

56 999 278 1060 aliter-alium
308 999 484 1075 scriptorem
512 1017 568 1058 suo
596 1002 718 1059 auotore
746 1000 811 1078 uti,
848 1000 912 1060 noli
939 999 1075 1061 oblivisci
1088 1025 1132 1055 aue
1157 1024 1182 1054 η

57 1089 186 1148 Florum
217 1088 369 1147 rhetorem
402 1106 467 1147 esse
499 1088 552 1165 qui
579 1107 673 1148 novos
701 1089 815 1149 eolores
844 1091 970 1167 quaerat
998 1092 1029 1148 et
1056 1109 1075 1148 a
1138 1080 1151 1108 ⁰

56 1175 213 1254 prioribus
245 1179 354 1254 argute
387 1176 470 1236 diota
500 1177 619 1236 variare
651 1178 780 1237 studeat.
826 1178 932 1255 itaque
960 1197 1077 1238 memor

57 1264 237 1326 Caesariani
267 1265 351 1325 illius
383 1267 464 1324 oeni
495 1266 557 1324 eidi
587 1267 644 1324 otei
670 1267 808 1326 consulto
835 1267 866 1325 H
892 1269 945 1344 13,
966 1269 1008 1327 63
1040 1269 1075 1326 de

57 1355 214 1415 Pharnace
237 1353 312 1414 dicit
336 1353 448 1413 Ooesor
470 1385 488 1394 -
510 1387 528 1395 -
550 1385 568 1394 —
590 1354 706 1413 obtrivit
726 1372 806 1414 more
827 1357 975 1428 (almare,
1000 1358 1077 1430 quod

55 1461 119 1504 um
148 1444 299 1517 adauae
324 1447 465 1502 momento
492 1445 587 1502 veuit
611 1446 759 1517 percussit
781 1445 924 1504 abscessit.
969 1445 1076 1504 deinde

57 1533 91 1594 H
117 1534 172 1609 12,
200 1534 236 1609 6,
273 1532 326 1590 ubi
353 1532 492 1594 Fuluiam
524 1534 699 1592 odissimom
731 1538 857 1592 soortom
889 1536 993 1611 vooat,
1025 1536 1078 1593 sed

50 1622 194 1696 patriciis
224 1623 422 1689 innoeentes,
466 1621 532 1680 fieri
563 1640 623 1680 non
655 1623 758 1699 potuit
791 1623 863 1699 quin
899 1622 1075 1701 Sallustius,

61 1730 154 1789 quem
181 1712 246 1769 toto
274 1709 331 1769 hoo
358 1709 456 1786 eapite
484 1703 663 1790 sequitur¹),
692 1712 729 1771 ob
757 1712 891 1771 animum
919 1712 947 1770 ei
970 1713 1075 1774 obver-

58 1803 184 1859 saretur
211 1799 264 1876 qui
292 1798 328 1858 de
355 1799 467 1858 ooniur.
488 1797 551 1858 Oet.
573 1801 628 1875 23,
648 1802 666 1859 3
692 1819 758 1860 eam
779 1803 930 1861 mliorem
951 1803 1077 1861 aedilem

60 1889 280 1966 appellaverat.
323 1888 428 1964 itaque
451 1907 520 1947 eum
542 1889 574 1946 in
597 1888 754 1948 notissima
778 1894 809 1949 et
831 1891 934 1951 erebro
953 1897 1077 1951 narrata

59 1976 168 2037 fabula
191 1977 227 2036 de
250 1976 379 2036 Romulo
404 1981 435 2036 et
456 1977 550 2042 Remo
569 1976 775 2047 Quintilianus
796 1980 843 2038 III
865 1983 893 2058 7,
913 1982 932 2039 5
953 1981 1077 2040 dixisset

59 2069 191 2126 obiectos
213 2068 246 2124 m
262 2068 464 2140 profluentem,
489 2085 620 2144 quocum
642 2069 673 2126 in
697 2068 845 2128 abiciendi
868 2070 960 2129 verbo
978 2069 1076 2129 Arno·

60 2155 131 2216 bius
151 2155 196 2214 IV
215 2156 233 2214 3
254 2156 286 2213 et
303 2155 379 2214 liber
402 2155 439 2215 de
462 2156 517 2215 vir.
542 2156 594 2214 inl.
617 2158 683 2232 1,2
708 2157 876 2234 concinunt,
900 2158 989 2218 facile
1011 2158 1077 2217 fieri

59 2244 165 2322 potuit
186 2249 224 2302 ut
243 2243 352 2303 Florus
374 2244 390 2302 Ι
411 2249 443 2322 1,
464 2247 481 2302 2
510 2247 636 2303 toototos
657 2246 691 2302 iu
707 2247 916 2316 profluentem,
946 2246 1028 2322 quod
1049 2247 1076 2305 B

60 2338 93 2393 et
116 2332 259 2392 Iordanes
281 2332 406 2407 habent,
435 2333 524 2392 alteri
547 2333 607 2410 illi,
635 2332 717 2409 quod
744 2333 808 2391 sive
837 2351 911 2391 casu
934 2334 998 2394 sive
1021 2335 1076 2391 ali-

61 2421 134 2482 eubi
155 2421 319 2481 inventum
336 2422 428 2480 etiarn
447 2420 469 2480 C
487 2421 599 2499 posuit,
617 2421 791 2497 praeferret.
822 2420 920 2480 simile
939 2422 1077 2483 variandi

59 2510 199 2570 studium
222 2510 253 2568 in
277 2529 312 2569 eo
335 2510 469 2569 cernitur
492 2511 585 2588 quod,
615 2529 684 2570 eum
707 2510 812 2572 Livius
834 2510 898 2587 ΙΙ,
920 2513 936 2569 1
962 2510 1077 2588 aliique

60 2599 94 2657 in
118 2599 223 2658 eadem
245 2598 350 2659 fabula
372 2600 470 2659 forma
491 2601 621 2659 vultures
644 2601 692 2659 usi
713 2603 822 2675 essent,
845 2599 953 2659 Florus
973 2601 987 2659 Ι
1008 2605 1036 2675 1,
1056 2604 1075 2662 6

62 2689 88 2746 Β
112 2690 191 2747 teste
214 2689 358 2747 rariorem
381 2689 523 2749 solarios
545 2689 669 2767 maluit,
697 2708 775 2767 quae
799 2709 817 2748 a
839 2689 966 2749 Iordane
991 2693 1022 2749 et
1044 2690 1077 2748 iu

62 2775 86 2835 O
111 2777 210 2836 denuo
237 2777 269 2835 iu
296 2777 382 2835 illam
409 2781 529 2838 mutata
555 2771 644 2857 esst).
689 2783 724 2837 ut
751 2779 877 2838 tertium
905 2779 1077 2855 exemplum

60 2865 185 2942 addam,
212 2865 319 2925 Florus
346 2865 363 2924 Ι
387 2870 420 2945 7,
445 2870 463 2927 3
492 2867 647 2943 aptissime
674 2866 712 2925 ad
740 2868 928 2944 impietatem
956 2866 1076 2925 Tulliae

60 2952 297 3032 significandam
319 2955 356 3014 de
383 2974 420 3014 ea
446 2955 534 3015 dixit:
562 2974 655 3031 sopra
681 2961 831 3016 oruootoen
856 2960 974 3031 putrem
996 2958 1077 3013 oeoto

60 3047 198 3117 carpento
231 3049 426 3104 ooosteootos
458 3062 544 3119 equo
571 3047 684 3119 eoepit
710 3038 770 3126 (ita
797 3047 821 3104 B
851 3049 883 3105 et
908 3034 1075 3124 Iordanes).

61 3151 249 3211 quamquam
267 3135 346 3193 enim
366 3133 492 3194 alterius
510 3134 692 3194 recensionis
711 3135 802 3195 lectio
826 3137 882 3210 epit
902 3133 977 3193 loeis
995 3132 1076 3194 Livii

137 3376 163 3443 1)
181 3392 208 3429 v.
227 3373 301 3428 infra
318 3392 345 3443 p.
361 3374 456 3428 LVIII.

135 3448 163 3514 2)
182 3444 212 3497 in
234 3444 343 3514 prolixa
366 3444 492 3500 eiusdem
514 3444 555 3499 rei
577 3444 740 3500 narratione
763 3462 836 3513 quae
859 3448 903 3501 est
925 3445 956 3500 in
977 3446 1074 3501 libello

60 3516 97 3570 de
117 3516 187 3584 orig.
207 3518 281 3584 gent.
301 3516 373 3569 Rom
392 3521 426 3568 23
445 3517 497 3587 (ed.
516 3516 548 3572 B.
569 3516 656 3587 Sepp,
674 3516 834 3570 Eiohstadii
854 3521 933 3589 1885)
952 3519 996 3573 bis
1015 3521 1075 3573 oot-

60 3588 151 3643 twrios
169 3586 255 3641 semel
273 3588 395 3642 uultures
413 3586 562 3642 iuvenitur.
