2386 3922
432 177 471 247 11,
491 183 524 231 13
543 177 617 247 (ΠΗ,
637 181 671 248 n).
993 178 1053 244 151

73 342 177 405 liricam
208 343 367 424 superabat
392 343 540 425 Hispania.
591 345 751 423 plurimum
780 352 920 424 quantum
948 346 1056 407 favoris
1076 359 1110 407 74

72 432 182 511 partibus
210 432 299 494 dabat
325 432 493 493 fraternitas
522 434 630 494 ducum
658 440 688 493 et
714 451 768 512 pro
797 451 856 493 uno
880 434 954 493 duos
978 442 1056 495 stare

72 518 213 600 Pompeios.
245 523 344 600 itaque
363 539 509 600 nusquam
527 525 656 583 atrocius
674 541 730 582 nec
748 529 808 582 tam
827 524 949 601 ancipiti
964 523 1056 584 Marte
1076 536 1109 584 75

72 628 228 672 concursum
264 616 317 670 est.
376 612 505 690 primum
542 614 573 670 in
608 614 674 690 ipso
712 613 787 671 ostio
825 610 935 671 Oceani
964 611 1057 672 Varus

72 696 212 779 liidinsque
244 698 335 777 legati
367 699 534 760 conflixere.
589 701 642 760 scd
675 702 772 760 acrius
805 700 861 759 luit
893 719 960 760 oum
991 702 1057 779 ipso

71 791 126 848 uari
160 806 250 868 quam
287 789 365 847 inter
402 807 433 848 sc
469 789 592 849 navibus
628 788 751 869 hellum3
789 789 935 867 siquidem
973 791 1058 867 quasi

70 875 181 937 lurorem
213 878 341 937 civicum
373 879 529 955 castigaret
561 877 708 958 OceanuS,
745 885 899 955 utramque
933 878 1057 937 classem

69 965 201 1044 mulragio
220 965 336 1026 cecidit.
374 968 494 1044 quinam
513 965 561 1026 ille
580 967 694 1047 horror,
716 985 783 1027 cum
802 967 906 1026 eodem
923 973 1056 1045 tempore
1077 979 1109 1027 76

70 1051 158 1114 luctus
180 1052 327 1133 procellae
350 1056 407 1114 viri
430 1073 519 1115 naves
542 1063 722 1115 armamenta
746 1054 950 1133 confligerent!
983 1055 1057 1115 adde

70 1143 127 1203 situs
143 1145 238 1221 ipsius
257 1142 454 1224 formidinem,
472 1146 624 1221 vergentia
642 1147 672 1204 in
692 1162 784 1204 unum
803 1144 872 1203 hinc
891 1144 1058 1224 Hispaniae,

70 1231 121 1291 iulo
141 1232 341 1292 Mauretaniae
367 1231 466 1313 litora,
495 1250 575 1292 mare
599 1240 628 1292 et
651 1236 825 1293 intestinum
849 1239 879 1292 et
902 1239 1058 1293 externum

69 1319 288 1399 inminentesque
301 1319 438 1381 Herculis
458 1320 601 1400 speculas,
620 1340 688 1382 cum
707 1325 805 1381 omnia
824 1322 954 1400 undique
970 1320 1057 1381 simul

68 1405 161 1485 proelio
195 1416 225 1469 et
256 1416 430 1488 tempestate
464 1412 616 1469 saevirent.
667 1429 734 1471 mox
765 1413 843 1470 circa
871 1410 1057 1470 obsidionem
1077 1422 1109 1471 77

68 1496 168 1559 urbium
196 1499 345 1576 utrimque
373 1499 541 1559 discursum
565 1505 623 1579 est,
651 1518 725 1578 quae
748 1501 875 1559 miserae
898 1501 977 1558 inter
1000 1499 1056 1558 hos

69 1594 138 1665 atque
160 1586 226 1646 illos
250 1587 341 1647 duces
364 1590 513 1648 societatis
536 1587 684 1648 Romanae
708 1606 817 1666 poenas
841 1587 956 1647 dabant.
994 1605 1056 1646 om-

68 1675 134 1735 uium
160 1682 309 1754 postrema
337 1679 530 1737 certaminum
553 1676 668 1737 Munda.
713 1676 762 1737 hic
790 1695 851 1736 non
878 1694 932 1755 pro
960 1683 1058 1736 cetera
1077 1689 1110 1738 ‘18

68 1760 202 1844 felicitate,
233 1763 285 1823 sed
317 1783 425 1844 anceps
458 1773 488 1825 et
519 1766 570 1826 diu
598 1767 683 1826 triste
716 1764 876 1845 proelium,
907 1772 941 1825 ut
971 1764 1057 1843 plane

68 1851 200 1912 uteretur
230 1855 332 1912 nescio
360 1854 430 1932 quid
458 1853 622 1914 deliberare
649 1853 786 1915 Fortuna.
838 1872 908 1914 sane
936 1861 966 1913 et
992 1857 1057 1934 ipse
1077 1867 1109 1914 79

68 1947 119 2000 ante
146 1944 240 2001 aciem
266 1945 407 2002 maestior
434 1960 494 2002 non
522 1962 557 2003 ex
580 1961 662 2003 more
686 1942 806 2023 Cacsar,
835 1945 895 2003 sive
919 1950 1057 2021 respectu

68 2025 218 2107 fragilitatis
241 2030 398 2111 humanae,
429 2034 490 2090 sive
512 2033 635 2091 nimiam
657 2050 867 2111 prosperorum
891 2039 1057 2109 suspectam

68 2112 163 2178 habens
187 2121 447 2200 continuationem,
470 2119 516 2179 vel
540 2119 642 2179 eadem
664 2122 782 2199 timens,
805 2126 961 2198 postquam
980 2120 1059 2180 idem

69 2220 121 2266 esse
147 2214 285 2285 coeperat
313 2209 390 2287 quod
418 2208 589 2288 Pompeius;
617 2214 648 2267 et
674 2209 705 2267 in
733 2210 798 2286 ipso
825 2206 951 2286 proelio,
980 2207 1057 2286 quod
1077 2221 1111 2270 80

68 2307 138 2354 nemo
162 2313 301 2373 umquam
325 2299 508 2376 meminerat,
531 2314 599 2356 oum
622 2295 673 2355 diu
693 2298 758 2374 pari
775 2295 868 2354 Marte
887 2297 965 2354 acies
983 2295 1058 2354 nihil

68 2383 175 2462 anplius
209 2403 297 2462 quam
329 2386 511 2465 occiderent,
543 2387 575 2444 in
605 2383 703 2444 medio
731 2384 836 2444 ardore
863 2385 1058 2462 pugnantium

69 2615 73 2627 Ι
91 2620 95 2632 Ι
123 2561 136 2608 1
156 2555 302 2623 quamtum
320 2554 354 2608 N
367 2556 376 2623 ΙΙ
394 2560 410 2608 2
430 2556 484 2610 duo
504 2557 538 2610 N
547 2557 556 2624 Ι
574 2562 590 2609 3
608 2557 705 2609 tamen
723 2556 750 2608 L
763 2557 773 2625 ΙΙ
791 2559 808 2606 4
826 2570 989 2608 conuersum
1006 2554 1032 2608 L
1053 2555 1056 2625 Ι

68 2624 123 2700 iulio
143 2628 176 2680 in
198 2624 291 2694 inipso
312 2627 429 2682 mutavit
447 2628 508 2694 B¹l
528 2626 621 2680 hostio
640 2625 747 2680 ocaeani
764 2627 792 2680 Β
817 2627 821 2691 Ι
845 2625 941 2680 uarius
959 2627 987 2681 B
1010 2628 1019 2696 ΙΙ
1042 2632 1058 2680 6

68 2695 127 2762 nqui
145 2697 209 2750 dem
227 2695 306 2749 uelut
324 2697 358 2749 N
373 2696 517 2765 Siquidem
536 2697 622 2752 uelud
635 2698 662 2752 L
676 2700 714 2766 lli
734 2697 838 2752 ciuium
851 2699 879 2752 Β
898 2697 1009 2752 auicnm
1024 2698 1058 2765 L,

68 2762 237 2835 dp.130,3
258 2768 262 2835 Ι
282 2766 372 2820 classe
389 2769 417 2823 B
435 2771 444 2839 ΙΙ
464 2774 479 2821 9
498 2769 628 2823 fluctibus
648 2771 675 2823 B
693 2769 800 2823 fructus
817 2770 856 2837 Ol
871 2769 1012 2839 procellae
1031 2771 1058 2838 (o

68 2844 104 2896 pro
121 2855 135 2889 r
149 2839 292 2907 positurus
310 2846 368 2893 erat
387 2841 528 2909 librarios)
543 2842 577 2894 N
598 2843 602 2910 Ι
627 2857 705 2894 arma
720 2872 726 2883 ·
742 2843 772 2895 et
789 2843 916 2895 armenta
934 2842 961 2895 B
981 2857 1059 2894 orme

68 2902 87 2954 li
98 2910 268 2962 armamenta
278 2909 409 2964 Halmius
424 2912 428 2980 Ι
445 2910 609 2965 addesituus
620 2913 711 2981 (prior
721 2913 739 2965 d
748 2929 807 2982 sup.
817 2929 883 2967 vers.
894 2930 928 2966 m.
939 2921 965 2979 1,
978 2913 1060 2966 verba

68 2970 176 3034 diiunxit
193 2998 227 3034 m.
242 2981 271 3049 2)
286 2981 320 3034 N
329 2984 338 3048 ΙΙ
355 2985 386 3033 10
405 2980 536 3051 urgentia
549 2982 577 3035 B
593 2984 597 3051 Ι
613 2981 678 3036 hinc
691 2982 850 3052 inispaniee
864 2985 891 3037 B
905 2984 915 3051 ΙΙ
930 2988 961 3035 11
976 2980 1060 3034 mori-

68 3039 146 3104 lauieo
165 3053 243 3120 (corr.
258 3069 292 3105 m.
307 3053 335 3120 1)
352 3052 380 3104 Β
398 3051 580 3106 mauretaniae
598 3052 620 3123 (i
638 3070 697 3122 sup.
713 3070 728 3108 e
746 3073 780 3109 m.
794 3057 823 3123 2)
842 3053 875 3106 N
890 3049 1058 3122 mauritanip

68 3109 84 3165 Β
97 3121 101 3188 Ι
115 3124 255 3176 oeternum
268 3123 296 3175 Β
310 3124 319 3192 ΙΙ
334 3128 366 3174 12
381 3121 608 3192 imminentisque
623 3123 666 3192 ΟΙΙ
681 3129 713 3178 13
728 3126 757 3177 et
771 3142 820 3179 om.
835 3124 862 3176 B
878 3127 882 3188 Ι
899 3120 1059 3176 obsidiones

68 3182 99 3256 Uli
113 3198 143 3246 15
163 3192 307 3247 societatis
326 3195 351 3261 (c
370 3211 403 3248 m.
420 3200 435 3247 1
454 3202 574 3249 correcto
592 3212 625 3249 cc
643 3196 667 3263 t)
686 3195 719 3248 N
735 3194 883 3248 societates
903 3193 929 3245 L
945 3194 949 3260 Ι
965 3208 1059 3245 romae

68 3250 104 3334 ΙΙΙΙ
118 3270 150 3317 16
168 3266 308 3334 postremo
327 3264 354 3318 L
370 3266 374 3334 Ι
389 3263 517 3318 numidia
535 3282 621 3335 snpra
638 3265 744 3318 munda
757 3265 792 3318 N
795 3266 805 3295 ²
817 3265 827 3333 ΙΙ
846 3266 879 3315 18
897 3262 1018 3315 liberere
1032 3262 1059 3315 Β

68 3326 155 3389 ¹liuore
170 3336 301 3397 Helonius
315 3337 324 3405 ΙΙ
339 3341 371 3389 19
391 3335 512 3389 caesaris
523 3366 529 3378 ·
540 3353 589 3390 sue
607 3338 754 3406 (punctum
772 3340 835 3388 ante
849 3348 898 3386 sue
912 3340 937 3387 ct
950 3335 961 3385 i
974 3349 1060 3401 snpra

68 3408 209 3461 1odd.m.
232 3408 257 3474 1)
276 3407 303 3460 Β
328 3423 406 3461 cesar
425 3406 469 3460 sui
487 3408 514 3460 L
539 3409 543 3475 Ι
566 3409 725 3477 respectum
743 3407 771 3460 B
788 3406 929 3473 respectus
950 3402 974 3457 Ο
993 3405 1002 3473 ΙΙ
1025 3410 1059 3458 20

68 3480 215 3544 *depectens
235 3477 261 3530 L
283 3479 292 3546 ΙΙ
315 3483 348 3530 22
368 3478 429 3534 sed:
448 3495 515 3533 corr.
533 3480 651 3534 Iahnius
673 3482 682 3547 Ι
705 3482 738 3530 23
757 3492 880 3544 unquam
899 3476 925 3530 L
945 3475 949 3549 Ι
969 3477 1059 3530 marte

68 3545 123 3604 tari.
142 3549 169 3601 L
184 3552 189 3617 Ι
205 3545 275 3600 nihil
296 3547 373 3601 eliud
394 3549 423 3618 0,
441 3553 663 3619 oto.p.134,8
