<?xml version="1.0" encoding="UTF-8"?>
<!DOCTYPE html PUBLIC "-//W3C//DTD XHTML 1.0 Transitional//EN"
    "http://www.w3.org/TR/xhtml1/DTD/xhtml1-transitional.dtd">
<html xmlns="http://www.w3.org/1999/xhtml" xml:lang="en" lang="en">
 <head>
  <title>
</title>
<meta http-equiv="Content-Type" content="text/html;charset=utf-8" />
  <meta name='ocr-system' content='tesseract 3.04.00' />
  <meta name='ocr-capabilities' content='ocr_page ocr_carea ocr_par ocr_line ocrx_word'/>
</head>
<body>
  <div class='ocr_page' id='page_1' title='image "./lannaeifloriepi01florgoog_0010.png"; bbox 0 0 2386 3922; ppageno 0'>
   <div class='ocr_carea' id='block_1_1' title="bbox 314 760 835 838">
    <p class='ocr_par' dir='ltr' id='par_1_1' title="bbox 314 760 835 838">
     <span class='ocr_line' id='line_1_1' title="bbox 314 760 835 838; baseline 0.01 -6"><span class='ocrx_word' id='word_1_1' title='bbox 314 760 585 835; x_wconf 82' lang='lat' dir='ltr'>PRAEFATIO</span> <span class='ocrx_word' id='word_1_2' title='bbox 613 762 835 838; x_wconf 83' lang='lat' dir='ltr'>EDITORIS</span> 
     </span>
    </p>
   </div>
   <div class='ocr_carea' id='block_1_2' title="bbox 66 939 1090 1738">
    <p class='ocr_par' dir='ltr' id='par_1_2' title="bbox 66 939 1090 1738">
     <span class='ocr_line' id='line_1_2' title="bbox 137 939 1085 1018; baseline 0.004 -18"><span class='ocrx_word' id='word_1_3' title='bbox 137 940 253 1001; x_wconf 83' lang='lat' dir='ltr'>Tardos</span> <span class='ocrx_word' id='word_1_4' title='bbox 276 939 345 1000; x_wconf 92' lang='lat' dir='ltr'>illos</span> <span class='ocrx_word' id='word_1_5' title='bbox 370 941 490 1018; x_wconf 91' lang='lat' dir='ltr'>quidem</span> <span class='ocrx_word' id='word_1_6' title='bbox 513 943 565 1002; x_wconf 90' lang='lat' dir='ltr'>sed</span> <span class='ocrx_word' id='word_1_7' title='bbox 588 947 684 1004; x_wconf 84' lang='lat' dir='ltr'>certos</span> <span class='ocrx_word' id='word_1_8' title='bbox 709 948 740 1004; x_wconf 86' lang='lat' dir='ltr'>et</span> <span class='ocrx_word' id='word_1_9' title='bbox 763 944 899 1004; x_wconf 84' lang='lat' dir='ltr'>efficaces</span> <span class='ocrx_word' id='word_1_10' title='bbox 923 963 987 1005; x_wconf 88' lang='lat' dir='ltr'>esse</span> <span class='ocrx_word' id='word_1_11' title='bbox 1009 946 1085 1006; x_wconf 89' lang='lat' dir='ltr'>artis</span> 
     </span>
     <span class='ocr_line' id='line_1_3' title="bbox 66 1030 1084 1112; baseline 0.003 -21"><span class='ocrx_word' id='word_1_12' title='bbox 66 1031 192 1091; x_wconf 76' lang='lat' dir='ltr'>criticae</span> <span class='ocrx_word' id='word_1_13' title='bbox 229 1030 260 1088; x_wconf 93' lang='lat' dir='ltr'>in</span> <span class='ocrx_word' id='word_1_14' title='bbox 297 1033 435 1090; x_wconf 83' lang='lat' dir='ltr'>vetorum</span> <span class='ocrx_word' id='word_1_15' title='bbox 472 1033 653 1109; x_wconf 87' lang='lat' dir='ltr'>scriptorum</span> <span class='ocrx_word' id='word_1_16' title='bbox 684 1033 770 1093; x_wconf 90' lang='lat' dir='ltr'>libris</span> <span class='ocrx_word' id='word_1_17' title='bbox 802 1035 983 1094; x_wconf 72' lang='lat' dir='ltr'>exercitatae</span> <span class='ocrx_word' id='word_1_18' title='bbox 1015 1055 1084 1112; x_wconf 90' lang='lat' dir='ltr'>pro·</span> 
     </span>
     <span class='ocr_line' id='line_1_4' title="bbox 68 1119 1086 1200; baseline 0.002 -20"><span class='ocrx_word' id='word_1_19' title='bbox 68 1138 192 1200; x_wconf 83' lang='lat' dir='ltr'>gressus</span> <span class='ocrx_word' id='word_1_20' title='bbox 225 1119 325 1178; x_wconf 85' lang='lat' dir='ltr'>nescio</span> <span class='ocrx_word' id='word_1_21' title='bbox 358 1121 514 1181; x_wconf 84' lang='lat' dir='ltr'>annullo</span> <span class='ocrx_word' id='word_1_22' title='bbox 547 1122 607 1181; x_wconf 85' lang='lat' dir='ltr'>alio</span> <span class='ocrx_word' id='word_1_23' title='bbox 638 1124 773 1200; x_wconf 89' lang='lat' dir='ltr'>exemplo</span> <span class='ocrx_word' id='word_1_24' title='bbox 801 1123 1002 1183; x_wconf 88' lang='lat' dir='ltr'>luculentiore</span> <span class='ocrx_word' id='word_1_25' title='bbox 1030 1127 1086 1182; x_wconf 91' lang='lat' dir='ltr'>aut</span> 
     </span>
     <span class='ocr_line' id='line_1_5' title="bbox 69 1208 1085 1289; baseline 0.002 -21"><span class='ocrx_word' id='word_1_26' title='bbox 69 1208 278 1268; x_wconf 81' lang='lat' dir='ltr'>manifestiore</span> <span class='ocrx_word' id='word_1_27' title='bbox 301 1209 490 1285; x_wconf 88' lang='lat' dir='ltr'>comprobari</span> <span class='ocrx_word' id='word_1_28' title='bbox 512 1211 609 1286; x_wconf 89' lang='lat' dir='ltr'>possit</span> <span class='ocrx_word' id='word_1_29' title='bbox 632 1231 723 1289; x_wconf 88' lang='lat' dir='ltr'>quam</span> <span class='ocrx_word' id='word_1_30' title='bbox 746 1211 829 1272; x_wconf 84' lang='lat' dir='ltr'>Flori</span> <span class='ocrx_word' id='word_1_31' title='bbox 852 1213 984 1289; x_wconf 86' lang='lat' dir='ltr'>epitoma</span> <span class='ocrx_word' id='word_1_32' title='bbox 1008 1231 1085 1288; x_wconf 87' lang='lat' dir='ltr'>quae</span> 
     </span>
     <span class='ocr_line' id='line_1_6' title="bbox 67 1297 1086 1378; baseline 0.002 -20"><span class='ocrx_word' id='word_1_33' title='bbox 67 1301 168 1358; x_wconf 88' lang='lat' dir='ltr'>fertur</span> <span class='ocrx_word' id='word_1_34' title='bbox 193 1297 340 1357; x_wconf 86' lang='lat' dir='ltr'>historiae</span> <span class='ocrx_word' id='word_1_35' title='bbox 368 1297 528 1359; x_wconf 80' lang='lat' dir='ltr'>Romanae.</span> <span class='ocrx_word' id='word_1_36' title='bbox 576 1300 629 1377; x_wconf 92' lang='lat' dir='ltr'>qui</span> <span class='ocrx_word' id='word_1_37' title='bbox 662 1300 784 1360; x_wconf 89' lang='lat' dir='ltr'>libellus</span> <span class='ocrx_word' id='word_1_38' title='bbox 817 1320 886 1360; x_wconf 89' lang='lat' dir='ltr'>oum</span> <span class='ocrx_word' id='word_1_39' title='bbox 920 1301 958 1361; x_wconf 96' lang='lat' dir='ltr'>ob</span> <span class='ocrx_word' id='word_1_40' title='bbox 986 1301 1086 1378; x_wconf 87' lang='lat' dir='ltr'>operis</span> 
     </span>
     <span class='ocr_line' id='line_1_7' title="bbox 69 1386 1087 1464; baseline 0.002 -17"><span class='ocrx_word' id='word_1_41' title='bbox 69 1387 192 1448; x_wconf 80' lang='lat' dir='ltr'>Liviani</span> <span class='ocrx_word' id='word_1_42' title='bbox 223 1386 381 1446; x_wconf 87' lang='lat' dir='ltr'>raritatem</span> <span class='ocrx_word' id='word_1_43' title='bbox 414 1391 445 1446; x_wconf 92' lang='lat' dir='ltr'>et</span> <span class='ocrx_word' id='word_1_44' title='bbox 472 1389 704 1464; x_wconf 87' lang='lat' dir='ltr'>amplitudinem</span> <span class='ocrx_word' id='word_1_45' title='bbox 731 1389 823 1448; x_wconf 88' lang='lat' dir='ltr'>medii</span> <span class='ocrx_word' id='word_1_46' title='bbox 855 1390 921 1451; x_wconf 87' lang='lat' dir='ltr'>aevi</span> <span class='ocrx_word' id='word_1_47' title='bbox 950 1393 982 1450; x_wconf 89' lang='lat' dir='ltr'>et</span> <span class='ocrx_word' id='word_1_48' title='bbox 1009 1390 1087 1450; x_wconf 89' lang='lat' dir='ltr'>anti-</span> 
     </span>
     <span class='ocr_line' id='line_1_8' title="bbox 69 1476 1088 1554; baseline 0.001 -19"><span class='ocrx_word' id='word_1_49' title='bbox 69 1476 200 1554; x_wconf 83' lang='lat' dir='ltr'>quitatis</span> <span class='ocrx_word' id='word_1_50' title='bbox 223 1477 406 1536; x_wconf 88' lang='lat' dir='ltr'>renascentis</span> <span class='ocrx_word' id='word_1_51' title='bbox 430 1477 618 1554; x_wconf 89' lang='lat' dir='ltr'>temporibus</span> <span class='ocrx_word' id='word_1_52' title='bbox 640 1478 673 1537; x_wconf 89' lang='lat' dir='ltr'>in</span> <span class='ocrx_word' id='word_1_53' title='bbox 696 1478 810 1538; x_wconf 87' lang='lat' dir='ltr'>deliciis</span> <span class='ocrx_word' id='word_1_54' title='bbox 833 1498 894 1539; x_wconf 89' lang='lat' dir='ltr'>non</span> <span class='ocrx_word' id='word_1_55' title='bbox 917 1479 1016 1539; x_wconf 91' lang='lat' dir='ltr'>solum</span> <span class='ocrx_word' id='word_1_56' title='bbox 1041 1478 1088 1540; x_wconf 91' lang='lat' dir='ltr'>vi-</span> 
     </span>
     <span class='ocr_line' id='line_1_9' title="bbox 70 1557 1088 1648; baseline 0.003 -24"><span class='ocrx_word' id='word_1_57' title='bbox 70 1585 176 1626; x_wconf 92' lang='lat' dir='ltr'>rorum</span> <span class='ocrx_word' id='word_1_58' title='bbox 194 1564 352 1624; x_wconf 89' lang='lat' dir='ltr'>doctorum</span> <span class='ocrx_word' id='word_1_59' title='bbox 371 1557 492 1648; x_wconf 86' lang='lat' dir='ltr'>csset¹)‚</span> <span class='ocrx_word' id='word_1_60' title='bbox 516 1566 679 1626; x_wconf 87' lang='lat' dir='ltr'>sedetiam</span> <span class='ocrx_word' id='word_1_61' title='bbox 701 1568 837 1644; x_wconf 88' lang='lat' dir='ltr'>puerulis</span> <span class='ocrx_word' id='word_1_62' title='bbox 860 1569 892 1626; x_wconf 90' lang='lat' dir='ltr'>in</span> <span class='ocrx_word' id='word_1_63' title='bbox 915 1568 1026 1629; x_wconf 89' lang='lat' dir='ltr'>scholis</span> <span class='ocrx_word' id='word_1_64' title='bbox 1049 1568 1088 1627; x_wconf 87' lang='lat' dir='ltr'>ad</span> 
     </span>
     <span class='ocr_line' id='line_1_10' title="bbox 69 1647 1090 1738; baseline 0.001 -24"><span class='ocrx_word' id='word_1_65' title='bbox 69 1654 247 1714; x_wconf 89' lang='lat' dir='ltr'>discendam</span> <span class='ocrx_word' id='word_1_66' title='bbox 264 1653 422 1714; x_wconf 82' lang='lat' dir='ltr'>historiam</span> <span class='ocrx_word' id='word_1_67' title='bbox 439 1647 700 1738; x_wconf 77' lang='lat' dir='ltr'>proponeretur²)‚</span> <span class='ocrx_word' id='word_1_68' title='bbox 724 1657 783 1716; x_wconf 91' lang='lat' dir='ltr'>dici</span> <span class='ocrx_word' id='word_1_69' title='bbox 802 1657 852 1717; x_wconf 88' lang='lat' dir='ltr'>vix</span> <span class='ocrx_word' id='word_1_70' title='bbox 869 1660 972 1734; x_wconf 89' lang='lat' dir='ltr'>potest</span> <span class='ocrx_word' id='word_1_71' title='bbox 992 1677 1090 1734; x_wconf 89' lang='lat' dir='ltr'>quan-</span> 
     </span>
    </p>
   </div>
   <div class='ocr_carea' id='block_1_3' title="bbox 69 1840 1111 3549">
    <p class='ocr_par' dir='ltr' id='par_1_3' title="bbox 69 1840 1093 2482">
     <span class='ocr_line' id='line_1_11' title="bbox 144 1840 1089 1913; baseline 0 -17"><span class='ocrx_word' id='word_1_72' title='bbox 144 1845 172 1913; x_wconf 90' lang='lat'>1)</span> <span class='ocrx_word' id='word_1_73' title='bbox 189 1842 332 1909; x_wconf 86' lang='lat' dir='ltr'>Petrarca‚</span> <span class='ocrx_word' id='word_1_74' title='bbox 351 1840 400 1909; x_wconf 84' lang='lat' dir='ltr'>qui</span> <span class='ocrx_word' id='word_1_75' title='bbox 413 1841 491 1903; x_wconf 82' lang='lat' dir='ltr'>Flori</span> <span class='ocrx_word' id='word_1_76' title='bbox 507 1844 700 1911; x_wconf 75' lang='lat' dir='ltr'>florentissima</span> <span class='ocrx_word' id='word_1_77' title='bbox 714 1845 842 1899; x_wconf 79' lang='lat' dir='ltr'>brevitate</span> <span class='ocrx_word' id='word_1_78' title='bbox 856 1845 894 1898; x_wconf 84' lang='lat' dir='ltr'>od</span> <span class='ocrx_word' id='word_1_79' title='bbox 908 1845 1089 1913; x_wconf 75' lang='lat' dir='ltr'>inquirendos</span> 
     </span>
     <span class='ocr_line' id='line_1_12' title="bbox 73 1913 1090 1985; baseline -0.004 -15"><span class='ocrx_word' id='word_1_80' title='bbox 73 1915 104 1970; x_wconf 85' lang='grc' dir='ltr'>Τ.</span> <span class='ocrx_word' id='word_1_81' title='bbox 124 1914 204 1968; x_wconf 68' lang='lat' dir='ltr'>Moci</span> <span class='ocrx_word' id='word_1_82' title='bbox 221 1914 353 1983; x_wconf 72' lang='lat' dir='ltr'>reliquias</span> <span class='ocrx_word' id='word_1_83' title='bbox 370 1929 398 1967; x_wconf 83' lang='lat' dir='ltr'>sc</span> <span class='ocrx_word' id='word_1_84' title='bbox 415 1915 570 1969; x_wconf 78' lang='lat' dir='ltr'>animatam</span> <span class='ocrx_word' id='word_1_85' title='bbox 588 1932 642 1970; x_wconf 80' lang='lat' dir='ltr'>csse</span> <span class='ocrx_word' id='word_1_86' title='bbox 665 1915 727 1984; x_wconf 91' lang='lat' dir='ltr'>ipse</span> <span class='ocrx_word' id='word_1_87' title='bbox 745 1915 887 1985; x_wconf 89' lang='lat' dir='ltr'>professus</span> <span class='ocrx_word' id='word_1_88' title='bbox 908 1916 964 1983; x_wconf 85' lang='lat' dir='ltr'>est,</span> <span class='ocrx_word' id='word_1_89' title='bbox 989 1913 1090 1982; x_wconf 87' lang='lat' dir='ltr'>quanti</span> 
     </span>
     <span class='ocr_line' id='line_1_13' title="bbox 69 1982 1091 2053; baseline -0.004 -13"><span class='ocrx_word' id='word_1_90' title='bbox 69 1985 154 2040; x_wconf 88' lang='lat' dir='ltr'>illum</span> <span class='ocrx_word' id='word_1_91' title='bbox 176 1983 277 2038; x_wconf 80' lang='lat' dir='ltr'>feccrit</span> <span class='ocrx_word' id='word_1_92' title='bbox 300 1982 406 2037; x_wconf 84' lang='lat' dir='ltr'>videsis</span> <span class='ocrx_word' id='word_1_93' title='bbox 431 1985 508 2053; x_wconf 89' lang='lat' dir='ltr'>apud</span> <span class='ocrx_word' id='word_1_94' title='bbox 530 1984 560 2041; x_wconf 90' lang='lat' dir='ltr'>P.</span> <span class='ocrx_word' id='word_1_95' title='bbox 585 1985 620 2040; x_wconf 88' lang='lat' dir='ltr'>de</span> <span class='ocrx_word' id='word_1_96' title='bbox 644 1985 754 2040; x_wconf 87' lang='lat' dir='ltr'>Nolhao</span> <span class='ocrx_word' id='word_1_97' title='bbox 778 1986 943 2053; x_wconf 74' lang='lat' dir='ltr'>‘Petrarque</span> <span class='ocrx_word' id='word_1_98' title='bbox 967 1988 996 2039; x_wconf 84' lang='lat' dir='ltr'>et</span> <span class='ocrx_word' id='word_1_99' title='bbox 1019 1985 1091 2037; x_wconf 81' lang='lat' dir='ltr'>l&#39;hu-</span> 
     </span>
     <span class='ocr_line' id='line_1_14' title="bbox 71 2055 1089 2126; baseline -0.003 -15"><span class='ocrx_word' id='word_1_100' title='bbox 71 2055 223 2111; x_wconf 86' lang='lat' dir='ltr'>manisme’</span> <span class='ocrx_word' id='word_1_101' title='bbox 242 2073 270 2124; x_wconf 92' lang='lat' dir='ltr'>p.</span> <span class='ocrx_word' id='word_1_102' title='bbox 286 2060 339 2108; x_wconf 82' lang='lat'>244</span> <span class='ocrx_word' id='word_1_103' title='bbox 348 2071 389 2124; x_wconf 91' lang='lat' dir='ltr'>sq.</span> <span class='ocrx_word' id='word_1_104' title='bbox 425 2055 476 2111; x_wconf 84' lang='lat' dir='ltr'>Ph.</span> <span class='ocrx_word' id='word_1_105' title='bbox 495 2072 561 2110; x_wconf 86' lang='lat' dir='ltr'>vero</span> <span class='ocrx_word' id='word_1_106' title='bbox 584 2056 738 2112; x_wconf 86' lang='lat' dir='ltr'>Beroaldus</span> <span class='ocrx_word' id='word_1_107' title='bbox 761 2057 792 2110; x_wconf 92' lang='lat' dir='ltr'>in</span> <span class='ocrx_word' id='word_1_108' title='bbox 810 2056 933 2126; x_wconf 85' lang='lat' dir='ltr'>epistula</span> <span class='ocrx_word' id='word_1_109' title='bbox 951 2057 989 2110; x_wconf 88' lang='lat' dir='ltr'>ad</span> <span class='ocrx_word' id='word_1_110' title='bbox 1008 2056 1037 2110; x_wconf 93' lang='lat' dir='ltr'>P.</span> <span class='ocrx_word' id='word_1_111' title='bbox 1052 2056 1089 2109; x_wconf 89' lang='lat' dir='ltr'>M.</span> 
     </span>
     <span class='ocr_line' id='line_1_15' title="bbox 71 2125 1092 2196; baseline -0.001 -14"><span class='ocrx_word' id='word_1_112' title='bbox 71 2128 204 2182; x_wconf 85' lang='lat' dir='ltr'>Rubcum</span> <span class='ocrx_word' id='word_1_113' title='bbox 216 2125 294 2180; x_wconf 77' lang='lat' dir='ltr'>Flori</span> <span class='ocrx_word' id='word_1_114' title='bbox 312 2125 432 2180; x_wconf 86' lang='lat' dir='ltr'>editioni</span> <span class='ocrx_word' id='word_1_115' title='bbox 449 2127 604 2196; x_wconf 86' lang='lat' dir='ltr'>praemissa</span> <span class='ocrx_word' id='word_1_116' title='bbox 622 2129 692 2182; x_wconf 89' lang='lat' dir='ltr'>haec</span> <span class='ocrx_word' id='word_1_117' title='bbox 712 2128 796 2183; x_wconf 80' lang='lat' dir='ltr'>dixit:</span> <span class='ocrx_word' id='word_1_118' title='bbox 824 2129 918 2182; x_wconf 78' lang='lat' dir='ltr'>onmia</span> <span class='ocrx_word' id='word_1_119' title='bbox 936 2128 971 2181; x_wconf 77' lang='lat' dir='ltr'>L.</span> <span class='ocrx_word' id='word_1_120' title='bbox 987 2127 1092 2182; x_wconf 79' lang='lat' dir='ltr'>Floras</span> 
     </span>
     <span class='ocr_line' id='line_1_16' title="bbox 72 2198 1093 2269; baseline -0.001 -16"><span class='ocrx_word' id='word_1_121' title='bbox 72 2231 108 2240; x_wconf 90' lang='lat'>—</span> <span class='ocrx_word' id='word_1_122' title='bbox 126 2230 164 2240; x_wconf 93' lang='lat'>-</span> <span class='ocrx_word' id='word_1_123' title='bbox 182 2229 216 2238; x_wconf 94' lang='lat'>-</span> <span class='ocrx_word' id='word_1_124' title='bbox 235 2198 277 2253; x_wconf 82' lang='lat' dir='ltr'>ito</span> <span class='ocrx_word' id='word_1_125' title='bbox 298 2199 363 2252; x_wconf 79' lang='lat' dir='ltr'>scite</span> <span class='ocrx_word' id='word_1_126' title='bbox 385 2199 505 2269; x_wconf 76' lang='lat' dir='ltr'>collcpit,</span> <span class='ocrx_word' id='word_1_127' title='bbox 532 2200 574 2254; x_wconf 75' lang='lat' dir='ltr'>cto</span> <span class='ocrx_word' id='word_1_128' title='bbox 592 2201 728 2254; x_wconf 76' lang='lat' dir='ltr'>enucleate</span> <span class='ocrx_word' id='word_1_129' title='bbox 747 2200 890 2264; x_wconf 53' lang='lat' dir='ltr'>delinxit,</span> <span class='ocrx_word' id='word_1_130' title='bbox 917 2200 959 2253; x_wconf 75' lang='lat' dir='ltr'>cto</span> <span class='ocrx_word' id='word_1_131' title='bbox 978 2200 1093 2253; x_wconf 80' lang='lat' dir='ltr'>breviter</span> 
     </span>
     <span class='ocr_line' id='line_1_17' title="bbox 71 2270 1093 2340; baseline -0.006 -14"><span class='ocrx_word' id='word_1_132' title='bbox 71 2270 225 2336; x_wconf 75' lang='lat' dir='ltr'>marraoit,</span> <span class='ocrx_word' id='word_1_133' title='bbox 237 2275 270 2324; x_wconf 81' lang='lat' dir='ltr'>ot</span> <span class='ocrx_word' id='word_1_134' title='bbox 278 2275 378 2324; x_wconf 67' lang='lat' dir='ltr'>cuncta</span> <span class='ocrx_word' id='word_1_135' title='bbox 391 2275 524 2340; x_wconf 76' lang='lat' dir='ltr'>tanquam</span> <span class='ocrx_word' id='word_1_136' title='bbox 537 2272 569 2324; x_wconf 79' lang='lat' dir='ltr'>iu</span> <span class='ocrx_word' id='word_1_137' title='bbox 582 2271 687 2324; x_wconf 70' lang='lat' dir='ltr'>illustri</span> <span class='ocrx_word' id='word_1_138' title='bbox 696 2271 790 2339; x_wconf 80' lang='lat' dir='ltr'>posito</span> <span class='ocrx_word' id='word_1_139' title='bbox 802 2273 974 2323; x_wconf 79' lang='lat' dir='ltr'>mouumcnto</span> <span class='ocrx_word' id='word_1_140' title='bbox 988 2270 1093 2322; x_wconf 71' lang='lat' dir='ltr'>intueri</span> 
     </span>
     <span class='ocr_line' id='line_1_18' title="bbox 72 2339 1093 2412; baseline -0.006 -14"><span class='ocrx_word' id='word_1_141' title='bbox 72 2349 99 2398; x_wconf 83' lang='lat' dir='ltr'>ct</span> <span class='ocrx_word' id='word_1_142' title='bbox 111 2341 332 2412; x_wconf 67' lang='lat' dir='ltr'>comprehendere</span> <span class='ocrx_word' id='word_1_143' title='bbox 344 2340 475 2408; x_wconf 77' lang='lat' dir='ltr'>facillima</span> <span class='ocrx_word' id='word_1_144' title='bbox 488 2358 578 2411; x_wconf 76' lang='lat' dir='ltr'>queas.</span> <span class='ocrx_word' id='word_1_145' title='bbox 606 2343 723 2396; x_wconf 79' lang='lat' dir='ltr'>disertos</span> <span class='ocrx_word' id='word_1_146' title='bbox 736 2347 775 2395; x_wconf 81' lang='lat' dir='ltr'>cst</span> <span class='ocrx_word' id='word_1_147' title='bbox 787 2341 933 2406; x_wconf 73' lang='lat' dir='ltr'>veteomor,</span> <span class='ocrx_word' id='word_1_148' title='bbox 946 2339 1093 2393; x_wconf 76' lang='lat' dir='ltr'>distinctus</span> 
     </span>
     <span class='ocr_line' id='line_1_19' title="bbox 72 2411 988 2482; baseline -0.003 -14"><span class='ocrx_word' id='word_1_149' title='bbox 72 2414 179 2481; x_wconf 67' lang='lat' dir='ltr'>carim,</span> <span class='ocrx_word' id='word_1_150' title='bbox 197 2413 286 2467; x_wconf 78' lang='lat' dir='ltr'>trecis</span> <span class='ocrx_word' id='word_1_151' title='bbox 302 2414 454 2466; x_wconf 77' lang='lat' dir='ltr'>cocwinnuo</span> <span class='ocrx_word' id='word_1_152' title='bbox 472 2429 534 2466; x_wconf 82' lang='lat' dir='ltr'>com</span> <span class='ocrx_word' id='word_1_153' title='bbox 550 2413 692 2482; x_wconf 74' lang='lat' dir='ltr'>splendore</span> <span class='ocrx_word' id='word_1_154' title='bbox 710 2430 743 2467; x_wconf 84' lang='lat' dir='ltr'>oc</span> <span class='ocrx_word' id='word_1_155' title='bbox 762 2413 820 2467; x_wconf 79' lang='lat' dir='ltr'>lucc</span> <span class='ocrx_word' id='word_1_156' title='bbox 838 2411 988 2466; x_wconf 73' lang='lat' dir='ltr'>cerbereos.</span> 
     </span>
    </p>

    <p class='ocr_par' dir='ltr' id='par_1_4' title="bbox 74 2482 1111 3549">
     <span class='ocr_line' id='line_1_20' title="bbox 147 2482 1094 2565; baseline -0.004 -27"><span class='ocrx_word' id='word_1_157' title='bbox 147 2486 176 2565; x_wconf 71' lang='lat'>2)</span> <span class='ocrx_word' id='word_1_158' title='bbox 195 2499 230 2538; x_wconf 88' lang='lat' dir='ltr'>cx</span> <span class='ocrx_word' id='word_1_159' title='bbox 246 2499 351 2553; x_wconf 78' lang='lat' dir='ltr'>magno</span> <span class='ocrx_word' id='word_1_160' title='bbox 370 2482 507 2537; x_wconf 83' lang='lat' dir='ltr'>similium</span> <span class='ocrx_word' id='word_1_161' title='bbox 524 2482 751 2538; x_wconf 87' lang='lat' dir='ltr'>testimoniorum</span> <span class='ocrx_word' id='word_1_162' title='bbox 768 2499 884 2537; x_wconf 90' lang='lat' dir='ltr'>numero</span> <span class='ocrx_word' id='word_1_163' title='bbox 905 2482 961 2536; x_wconf 92' lang='lat' dir='ltr'>duo</span> <span class='ocrx_word' id='word_1_164' title='bbox 979 2483 1094 2536; x_wconf 89' lang='lat' dir='ltr'>tantum</span> 
     </span>
     <span class='ocr_line' id='line_1_21' title="bbox 74 2552 1094 2626; baseline -0.003 -17"><span class='ocrx_word' id='word_1_165' title='bbox 74 2555 220 2626; x_wconf 80' lang='lat' dir='ltr'>ignotiora</span> <span class='ocrx_word' id='word_1_166' title='bbox 237 2570 394 2624; x_wconf 88' lang='lat' dir='ltr'>proponam</span> <span class='ocrx_word' id='word_1_167' title='bbox 412 2571 428 2608; x_wconf 93' lang='lat' dir='ltr'>e</span> <span class='ocrx_word' id='word_1_168' title='bbox 441 2554 522 2608; x_wconf 89' lang='lat' dir='ltr'>libris</span> <span class='ocrx_word' id='word_1_169' title='bbox 536 2572 622 2608; x_wconf 89' lang='lat' dir='ltr'>manu</span> <span class='ocrx_word' id='word_1_170' title='bbox 637 2553 750 2624; x_wconf 85' lang='lat' dir='ltr'>scriptis</span> <span class='ocrx_word' id='word_1_171' title='bbox 766 2554 907 2624; x_wconf 88' lang='lat' dir='ltr'>epitomae</span> <span class='ocrx_word' id='word_1_172' title='bbox 921 2552 1029 2607; x_wconf 89' lang='lat' dir='ltr'>saeculi</span> <span class='ocrx_word' id='word_1_173' title='bbox 1042 2552 1094 2606; x_wconf 86' lang='lat' dir='ltr'>XV</span> 
     </span>
     <span class='ocr_line' id='line_1_22' title="bbox 75 2624 1095 2697; baseline -0.002 -17"><span class='ocrx_word' id='word_1_174' title='bbox 75 2625 177 2697; x_wconf 89' lang='lat' dir='ltr'>petita,</span> <span class='ocrx_word' id='word_1_175' title='bbox 200 2624 321 2680; x_wconf 87' lang='lat' dir='ltr'>alterum</span> <span class='ocrx_word' id='word_1_176' title='bbox 340 2624 520 2680; x_wconf 82' lang='lat' dir='ltr'>Taurinensis</span> <span class='ocrx_word' id='word_1_177' title='bbox 541 2631 626 2682; x_wconf 77' lang='lat'>1057:</span> <span class='ocrx_word' id='word_1_178' title='bbox 658 2627 745 2682; x_wconf 82' lang='lat' dir='ltr'>Nemo</span> <span class='ocrx_word' id='word_1_179' title='bbox 768 2628 858 2681; x_wconf 81' lang='lat' dir='ltr'>verius</span> <span class='ocrx_word' id='word_1_180' title='bbox 877 2626 964 2680; x_wconf 83' lang='lat' dir='ltr'>Nemo</span> <span class='ocrx_word' id='word_1_181' title='bbox 987 2627 1095 2679; x_wconf 80' lang='lat' dir='ltr'>brevius</span> 
     </span>
     <span class='ocr_line' id='line_1_23' title="bbox 77 2695 1096 2767; baseline -0.004 -15"><span class='ocrx_word' id='word_1_182' title='bbox 77 2698 166 2752; x_wconf 80' lang='lat' dir='ltr'>Nemo</span> <span class='ocrx_word' id='word_1_183' title='bbox 197 2698 324 2752; x_wconf 76' lang='lat' dir='ltr'>ornatius</span> <span class='ocrx_word' id='word_1_184' title='bbox 354 2699 472 2766; x_wconf 79' lang='lat' dir='ltr'>scripsit.</span> <span class='ocrx_word' id='word_1_185' title='bbox 505 2697 550 2767; x_wconf 91' lang='lat' dir='ltr'>(cf.</span> <span class='ocrx_word' id='word_1_186' title='bbox 578 2697 653 2751; x_wconf 88' lang='lat' dir='ltr'>infra</span> <span class='ocrx_word' id='word_1_187' title='bbox 686 2698 720 2751; x_wconf 89' lang='lat' dir='ltr'>de</span> <span class='ocrx_word' id='word_1_188' title='bbox 754 2696 933 2766; x_wconf 84' lang='lat' dir='ltr'>‘prologo’),</span> <span class='ocrx_word' id='word_1_189' title='bbox 974 2695 1096 2750; x_wconf 88' lang='lat' dir='ltr'>alterum</span> 
     </span>
     <span class='ocr_line' id='line_1_24' title="bbox 76 2766 1095 2837; baseline 0 -15"><span class='ocrx_word' id='word_1_190' title='bbox 76 2767 185 2823; x_wconf 88' lang='lat' dir='ltr'>codicis</span> <span class='ocrx_word' id='word_1_191' title='bbox 216 2766 408 2822; x_wconf 88' lang='lat' dir='ltr'>bibliothecae</span> <span class='ocrx_word' id='word_1_192' title='bbox 434 2767 566 2837; x_wconf 88' lang='lat' dir='ltr'>publicae</span> <span class='ocrx_word' id='word_1_193' title='bbox 593 2767 691 2837; x_wconf 89' lang='lat' dir='ltr'>oppidi</span> <span class='ocrx_word' id='word_1_194' title='bbox 719 2767 823 2822; x_wconf 82' lang='lat' dir='ltr'>Gallici</span> <span class='ocrx_word' id='word_1_195' title='bbox 849 2769 935 2822; x_wconf 86' lang='lat' dir='ltr'>Arras</span> <span class='ocrx_word' id='word_1_196' title='bbox 963 2785 1004 2821; x_wconf 88' lang='lat' dir='ltr'>nr.</span> <span class='ocrx_word' id='word_1_197' title='bbox 1030 2773 1095 2822; x_wconf 78' lang='lat'><strong>902:</strong></span> 
     </span>
     <span class='ocr_line' id='line_1_25' title="bbox 76 2838 1096 2910; baseline -0.004 -16"><span class='ocrx_word' id='word_1_198' title='bbox 76 2840 147 2895; x_wconf 84' lang='lat' dir='ltr'>Rob.</span> <span class='ocrx_word' id='word_1_199' title='bbox 164 2838 312 2910; x_wconf 69' lang='lat' dir='ltr'>capuam</span> <span class='ocrx_word' id='word_1_200' title='bbox 330 2839 365 2892; x_wconf 79' lang='lat' dir='ltr'>L.</span> <span class='ocrx_word' id='word_1_201' title='bbox 384 2838 478 2893; x_wconf 71' lang='lat' dir='ltr'>Ausci</span> <span class='ocrx_word' id='word_1_202' title='bbox 497 2839 580 2894; x_wconf 81' lang='lat' dir='ltr'>Florc&#39;</span> <span class='ocrx_word' id='word_1_203' title='bbox 598 2841 741 2894; x_wconf 77' lang='lat' dir='ltr'>lectoribus</span> <span class='ocrx_word' id='word_1_204' title='bbox 763 2841 877 2893; x_wconf 80' lang='lat' dir='ltr'>sulutem</span> <span class='ocrx_word' id='word_1_205' title='bbox 896 2845 988 2908; x_wconf 80' lang='lat' dir='ltr'>optat:</span> <span class='ocrx_word' id='word_1_206' title='bbox 1023 2839 1096 2907; x_wconf 74' lang='lat' dir='ltr'>Quos</span> 
     </span>
     <span class='ocr_line' id='line_1_26' title="bbox 76 2910 1097 2966; baseline -0.003 -1"><span class='ocrx_word' id='word_1_207' title='bbox 76 2911 159 2966; x_wconf 77' lang='lat' dir='ltr'>nullu</span> <span class='ocrx_word' id='word_1_208' title='bbox 184 2912 218 2965; x_wconf 76' lang='lat' dir='ltr'>iu</span> <span class='ocrx_word' id='word_1_209' title='bbox 243 2912 324 2965; x_wconf 81' lang='lat' dir='ltr'>torris</span> <span class='ocrx_word' id='word_1_210' title='bbox 350 2912 519 2965; x_wconf 78' lang='lat' dir='ltr'>concluserat</span> <span class='ocrx_word' id='word_1_211' title='bbox 543 2927 593 2965; x_wconf 81' lang='lat' dir='ltr'>ora</span> <span class='ocrx_word' id='word_1_212' title='bbox 662 2912 738 2965; x_wconf 74' lang='lat' dir='ltr'>trites</span> <span class='ocrx_word' id='word_1_213' title='bbox 760 2910 820 2965; x_wconf 79' lang='lat' dir='ltr'>Hac</span> <span class='ocrx_word' id='word_1_214' title='bbox 843 2911 925 2965; x_wconf 64' lang='grc' dir='ltr'>Πανί</span> <span class='ocrx_word' id='word_1_215' title='bbox 956 2911 1097 2964; x_wconf 79' lang='lat' dir='ltr'>obstrictos</span> 
     </span>
     <span class='ocr_line' id='line_1_27' title="bbox 75 2981 1097 3052; baseline -0.004 -16"><span class='ocrx_word' id='word_1_216' title='bbox 75 2999 168 3052; x_wconf 74' lang='lat' dir='ltr'>parva</span> <span class='ocrx_word' id='word_1_217' title='bbox 189 2982 291 3036; x_wconf 74' lang='lat' dir='ltr'>tabella</span> <span class='ocrx_word' id='word_1_218' title='bbox 312 2983 403 3051; x_wconf 78' lang='lat' dir='ltr'>capit;</span> <span class='ocrx_word' id='word_1_219' title='bbox 425 2981 467 3036; x_wconf 75' lang='lat' dir='ltr'>Et</span> <span class='ocrx_word' id='word_1_220' title='bbox 485 2999 604 3051; x_wconf 77' lang='lat' dir='ltr'>quosque</span> <span class='ocrx_word' id='word_1_221' title='bbox 645 2984 820 3052; x_wconf 57' lang='lat' dir='ltr'>‚quaequod</span> <span class='ocrx_word' id='word_1_222' title='bbox 843 2982 945 3036; x_wconf 78' lang='lat' dir='ltr'>eximia</span> <span class='ocrx_word' id='word_1_223' title='bbox 963 2981 1097 3048; x_wconf 77' lang='lat' dir='ltr'>producit</span> 
     </span>
     <span class='ocr_line' id='line_1_28' title="bbox 79 3049 1096 3122; baseline -0.003 -15"><span class='ocrx_word' id='word_1_224' title='bbox 79 3053 181 3108; x_wconf 65' lang='lat' dir='ltr'>moos</span> <span class='ocrx_word' id='word_1_225' title='bbox 199 3059 259 3108; x_wconf 64' lang='lat' dir='ltr'>mic</span> <span class='ocrx_word' id='word_1_226' title='bbox 272 3053 355 3107; x_wconf 83' lang='lat' dir='ltr'>Bello</span> <span class='ocrx_word' id='word_1_227' title='bbox 368 3055 449 3108; x_wconf 78' lang='lat' dir='ltr'>daces</span> <span class='ocrx_word' id='word_1_228' title='bbox 464 3069 580 3122; x_wconf 78' lang='lat' dir='ltr'>pompos</span> <span class='ocrx_word' id='word_1_229' title='bbox 597 3055 651 3108; x_wconf 78' lang='lat' dir='ltr'>rite</span> <span class='ocrx_word' id='word_1_230' title='bbox 668 3060 765 3108; x_wconf 82' lang='lat' dir='ltr'>coacto</span> <span class='ocrx_word' id='word_1_231' title='bbox 778 3059 856 3107; x_wconf 73' lang='lat' dir='ltr'>taust.</span> <span class='ocrx_word' id='word_1_232' title='bbox 888 3052 947 3121; x_wconf 73' lang='lat' dir='ltr'>Quo</span> <span class='ocrx_word' id='word_1_233' title='bbox 960 3049 989 3118; x_wconf 87' lang='lat' dir='ltr'>(l.</span> <span class='ocrx_word' id='word_1_234' title='bbox 1007 3051 1096 3120; x_wconf 71' lang='lat' dir='ltr'>Quod)</span> 
     </span>
     <span class='ocr_line' id='line_1_29' title="bbox 78 3122 1099 3195; baseline -0.004 -16"><span class='ocrx_word' id='word_1_235' title='bbox 78 3141 141 3179; x_wconf 82' lang='lat' dir='ltr'>ocrc</span> <span class='ocrx_word' id='word_1_236' title='bbox 156 3125 277 3195; x_wconf 60' lang='lat' dir='ltr'>accepto</span> <span class='ocrx_word' id='word_1_237' title='bbox 295 3125 370 3180; x_wconf 80' lang='lat' dir='ltr'>cobis</span> <span class='ocrx_word' id='word_1_238' title='bbox 386 3131 492 3194; x_wconf 79' lang='lat' dir='ltr'>sperate</span> <span class='ocrx_word' id='word_1_239' title='bbox 510 3126 637 3191; x_wconf 75' lang='lat' dir='ltr'>futuram</span> <span class='ocrx_word' id='word_1_240' title='bbox 662 3124 718 3194; x_wconf 72' lang='lat' dir='ltr'>Qui</span> <span class='ocrx_word' id='word_1_241' title='bbox 739 3125 817 3192; x_wconf 76' lang='lat' dir='ltr'>fumo</span> <span class='ocrx_word' id='word_1_242' title='bbox 835 3130 860 3177; x_wconf 82' lang='lat' dir='ltr'>ct</span> <span class='ocrx_word' id='word_1_243' title='bbox 882 3128 995 3192; x_wconf 77' lang='lat' dir='ltr'>quaestu</span> <span class='ocrx_word' id='word_1_244' title='bbox 1020 3122 1099 3189; x_wconf 81' lang='lat' dir='ltr'>fertis</span> 
     </span>
     <span class='ocr_line' id='line_1_30' title="bbox 79 3194 1100 3266; baseline -0.003 -17"><span class='ocrx_word' id='word_1_245' title='bbox 79 3197 113 3249; x_wconf 69' lang='lat' dir='ltr'>tn</span> <span class='ocrx_word' id='word_1_246' title='bbox 130 3202 208 3251; x_wconf 75' lang='lat' dir='ltr'>cotra</span> <span class='ocrx_word' id='word_1_247' title='bbox 225 3197 357 3266; x_wconf 60' lang='lat' dir='ltr'>madum:</span> <span class='ocrx_word' id='word_1_248' title='bbox 379 3197 447 3251; x_wconf 79' lang='lat' dir='ltr'>Post</span> <span class='ocrx_word' id='word_1_249' title='bbox 464 3197 582 3250; x_wconf 75' lang='lat' dir='ltr'>tumidos</span> <span class='ocrx_word' id='word_1_250' title='bbox 604 3197 695 3263; x_wconf 79' lang='lat' dir='ltr'>uisos,</span> <span class='ocrx_word' id='word_1_251' title='bbox 714 3202 779 3264; x_wconf 77' lang='lat' dir='ltr'>post</span> <span class='ocrx_word' id='word_1_252' title='bbox 796 3211 859 3248; x_wconf 84' lang='lat' dir='ltr'>scca</span> <span class='ocrx_word' id='word_1_253' title='bbox 873 3194 1000 3263; x_wconf 76' lang='lat' dir='ltr'>periculo</span> <span class='ocrx_word' id='word_1_254' title='bbox 1018 3195 1100 3248; x_wconf 73' lang='lat' dir='ltr'>sortis</span> 
     </span>
     <span class='ocr_line' id='line_1_31' title="bbox 81 3263 1098 3337; baseline -0.005 -15"><span class='ocrx_word' id='word_1_255' title='bbox 81 3267 130 3321; x_wconf 84' lang='lat' dir='ltr'>Ad</span> <span class='ocrx_word' id='word_1_256' title='bbox 146 3282 241 3322; x_wconf 78' lang='lat' dir='ltr'>monce</span> <span class='ocrx_word' id='word_1_257' title='bbox 257 3273 353 3336; x_wconf 76' lang='lat' dir='ltr'>raptos</span> <span class='ocrx_word' id='word_1_258' title='bbox 369 3284 416 3322; x_wconf 82' lang='lat' dir='ltr'>cos</span> <span class='ocrx_word' id='word_1_259' title='bbox 435 3268 522 3322; x_wconf 75' lang='lat' dir='ltr'>lrrcoic</span> <span class='ocrx_word' id='word_1_260' title='bbox 538 3285 614 3321; x_wconf 77' lang='lat' dir='ltr'>aruc</span> <span class='ocrx_word' id='word_1_261' title='bbox 632 3274 707 3337; x_wconf 75' lang='lat' dir='ltr'>tepet</span> <span class='ocrx_word' id='word_1_262' title='bbox 731 3298 765 3306; x_wconf 94' lang='lat'>—</span> <span class='ocrx_word' id='word_1_263' title='bbox 790 3267 875 3332; x_wconf 86' lang='lat' dir='ltr'>atque</span> <span class='ocrx_word' id='word_1_264' title='bbox 896 3264 965 3318; x_wconf 88' lang='lat' dir='ltr'>adeo</span> <span class='ocrx_word' id='word_1_265' title='bbox 986 3263 1098 3318; x_wconf 89' lang='lat' dir='ltr'>saeculo</span> 
     </span>
     <span class='ocr_line' id='line_1_32' title="bbox 81 3334 1101 3407; baseline -0.003 -17"><span class='ocrx_word' id='word_1_266' title='bbox 81 3336 194 3392; x_wconf 88' lang='lat' dir='ltr'>decimo</span> <span class='ocrx_word' id='word_1_267' title='bbox 207 3337 327 3407; x_wconf 86' lang='lat' dir='ltr'>septimo</span> <span class='ocrx_word' id='word_1_268' title='bbox 343 3337 420 3392; x_wconf 81' lang='lat' dir='ltr'>Flori</span> <span class='ocrx_word' id='word_1_269' title='bbox 433 3354 537 3392; x_wconf 90' lang='lat' dir='ltr'>nomen</span> <span class='ocrx_word' id='word_1_270' title='bbox 549 3337 581 3390; x_wconf 89' lang='lat' dir='ltr'>in</span> <span class='ocrx_word' id='word_1_271' title='bbox 594 3354 657 3391; x_wconf 88' lang='lat' dir='ltr'>eam</span> <span class='ocrx_word' id='word_1_272' title='bbox 670 3336 816 3391; x_wconf 89' lang='lat' dir='ltr'>notionem</span> <span class='ocrx_word' id='word_1_273' title='bbox 827 3334 900 3389; x_wconf 85' lang='lat' dir='ltr'>abiit</span> <span class='ocrx_word' id='word_1_274' title='bbox 915 3337 947 3389; x_wconf 90' lang='lat' dir='ltr'>ut</span> <span class='ocrx_word' id='word_1_275' title='bbox 967 3354 1101 3404; x_wconf 91' lang='lat' dir='ltr'>quorum-</span> 
     </span>
     <span class='ocr_line' id='line_1_33' title="bbox 79 3407 1100 3478; baseline -0.003 -16"><span class='ocrx_word' id='word_1_276' title='bbox 79 3408 154 3463; x_wconf 81' lang='lat' dir='ltr'>libet</span> <span class='ocrx_word' id='word_1_277' title='bbox 170 3408 319 3464; x_wconf 78' lang='lat' dir='ltr'>historiam</span> <span class='ocrx_word' id='word_1_278' title='bbox 337 3409 476 3464; x_wconf 86' lang='lat' dir='ltr'>bellorum</span> <span class='ocrx_word' id='word_1_279' title='bbox 494 3408 674 3478; x_wconf 82' lang='lat' dir='ltr'>significaret.</span> <span class='ocrx_word' id='word_1_280' title='bbox 702 3408 800 3475; x_wconf 87' lang='lat' dir='ltr'>itaque</span> <span class='ocrx_word' id='word_1_281' title='bbox 814 3407 845 3462; x_wconf 89' lang='lat' dir='ltr'>E.</span> <span class='ocrx_word' id='word_1_282' title='bbox 860 3407 1100 3476; x_wconf 84' lang='lat' dir='ltr'>Wassenbergius</span> 
     </span>
     <span class='ocr_line' id='line_1_34' title="bbox 81 3477 1111 3549; baseline -0.005 -16"><span class='ocrx_word' id='word_1_283' title='bbox 81 3479 272 3536; x_wconf 80' lang='lat' dir='ltr'>Embricensis</span> <span class='ocrx_word' id='word_1_284' title='bbox 292 3480 393 3536; x_wconf 86' lang='lat' dir='ltr'>seriem</span> <span class='ocrx_word' id='word_1_285' title='bbox 410 3479 550 3534; x_wconf 90' lang='lat' dir='ltr'>bellorum</span> <span class='ocrx_word' id='word_1_286' title='bbox 568 3483 636 3534; x_wconf 90' lang='lat' dir='ltr'>tunc</span> <span class='ocrx_word' id='word_1_287' title='bbox 654 3480 685 3534; x_wconf 91' lang='lat' dir='ltr'>in</span> <span class='ocrx_word' id='word_1_288' title='bbox 699 3477 850 3533; x_wconf 83' lang='lat' dir='ltr'>Gennania</span> <span class='ocrx_word' id='word_1_289' title='bbox 870 3480 1020 3549; x_wconf 82' lang='lat' dir='ltr'>gestorum</span> <span class='ocrx_word' id='word_1_290' title='bbox 1035 3482 1068 3530; x_wconf 74' lang='lat' dir='ltr'>et</span> <span class='ocrx_word' id='word_1_291' title='bbox 1087 3495 1111 3528; x_wconf 77' lang='lat' dir='ltr'>a</span> 
     </span>
    </p>
   </div>
   <div class='ocr_carea' id='block_1_4' title="bbox 0 0 1221 3922">
    <p class='ocr_par' dir='ltr' id='par_1_5' title="bbox 0 0 1221 3922">
     <span class='ocr_line' id='line_1_35' title="bbox 0 0 1221 3922; baseline 0 0"><span class='ocrx_word' id='word_1_292' title='bbox 0 0 1221 3922; x_wconf 95' lang='lat' dir='ltr'> </span> 
     </span>
    </p>
   </div>
  </div>
 </body>
</html>
