<?xml version="1.0" encoding="UTF-8"?>
<!DOCTYPE html PUBLIC "-//W3C//DTD XHTML 1.0 Transitional//EN"
    "http://www.w3.org/TR/xhtml1/DTD/xhtml1-transitional.dtd">
<html xmlns="http://www.w3.org/1999/xhtml" xml:lang="en" lang="en">
 <head>
  <title>
</title>
<meta http-equiv="Content-Type" content="text/html;charset=utf-8" />
  <meta name='ocr-system' content='tesseract 3.04.00' />
  <meta name='ocr-capabilities' content='ocr_page ocr_carea ocr_par ocr_line ocrx_word'/>
</head>
<body>
  <div class='ocr_page' id='page_1' title='image "./lannaeifloriepi01florgoog_0304.png"; bbox 0 0 2400 3930; ppageno 0'>
   <div class='ocr_carea' id='block_1_1' title="bbox 542 151 656 201">
    <p class='ocr_par' dir='ltr' id='par_1_1' title="bbox 542 151 656 201">
     <span class='ocr_line' id='line_1_1' title="bbox 542 151 656 201; baseline 0.009 -2"><span class='ocrx_word' id='word_1_1' title='bbox 542 151 656 201; x_wconf 79' lang='lat' dir='ltr'>INDEX</span> 
     </span>
    </p>
   </div>
   <div class='ocr_carea' id='block_1_2' title="bbox 89 305 570 3497">
    <p class='ocr_par' dir='ltr' id='par_1_2' title="bbox 89 305 569 2574">
     <span class='ocr_line' id='line_1_2' title="bbox 102 305 567 376; baseline -0.002 -16"><span class='ocrx_word' id='word_1_2' title='bbox 102 308 136 361; x_wconf 93' lang='lat' dir='ltr'>H.</span> <span class='ocrx_word' id='word_1_3' title='bbox 156 305 277 376; x_wconf 92' lang='lat' dir='ltr'>populus</span> <span class='ocrx_word' id='word_1_4' title='bbox 295 306 437 359; x_wconf 86' lang='lat' dir='ltr'>Romanus</span> <span class='ocrx_word' id='word_1_5' title='bbox 458 306 567 361; x_wconf 91' lang='lat' dir='ltr'>domuit</span> 
     </span>
     <span class='ocr_line' id='line_1_3' title="bbox 102 377 567 443; baseline 0.002 -13"><span class='ocrx_word' id='word_1_6' title='bbox 102 382 192 442; x_wconf 87' lang='grc'>84,3.</span> <span class='ocrx_word' id='word_1_7' title='bbox 218 382 305 443; x_wconf 86' lang='lat'><strong>85‚2.</strong></span> <span class='ocrx_word' id='word_1_8' title='bbox 343 377 376 432; x_wconf 93' lang='lat' dir='ltr'>H.</span> <span class='ocrx_word' id='word_1_9' title='bbox 406 377 510 431; x_wconf 79' lang='lat' dir='ltr'><strong>Cimbri</strong></span> <span class='ocrx_word' id='word_1_10' title='bbox 538 380 567 431; x_wconf 89' lang='lat' dir='ltr'>et</span> 
     </span>
     <span class='ocr_line' id='line_1_4' title="bbox 102 447 566 514; baseline -0.004 -12"><span class='ocrx_word' id='word_1_11' title='bbox 102 447 224 502; x_wconf 81' lang='lat' dir='ltr'>Teutoni</span> <span class='ocrx_word' id='word_1_12' title='bbox 243 447 349 501; x_wconf 80' lang='lat' dir='ltr'>exclusi</span> <span class='ocrx_word' id='word_1_13' title='bbox 364 454 405 514; x_wconf 83' lang='grc'>90,</span> <span class='ocrx_word' id='word_1_14' title='bbox 420 454 444 504; x_wconf 93' lang='grc'>8.</span> <span class='ocrx_word' id='word_1_15' title='bbox 474 449 507 503; x_wconf 92' lang='lat' dir='ltr'>H.</span> <span class='ocrx_word' id='word_1_16' title='bbox 523 465 566 501; x_wconf 87' lang='lat' dir='ltr'>ar-</span> 
     </span>
     <span class='ocr_line' id='line_1_5' title="bbox 102 519 568 588; baseline 0.004 -17"><span class='ocrx_word' id='word_1_17' title='bbox 102 522 165 572; x_wconf 87' lang='lat' dir='ltr'>mat</span> <span class='ocrx_word' id='word_1_18' title='bbox 179 519 316 573; x_wconf 82' lang='lat' dir='ltr'>Sertorius</span> <span class='ocrx_word' id='word_1_19' title='bbox 328 524 387 588; x_wconf 88' lang='grc'>134,</span> <span class='ocrx_word' id='word_1_20' title='bbox 399 525 441 574; x_wconf 88' lang='grc'>15.</span> <span class='ocrx_word' id='word_1_21' title='bbox 462 520 495 574; x_wconf 92' lang='lat' dir='ltr'>H.</span> <span class='ocrx_word' id='word_1_22' title='bbox 510 536 568 573; x_wconf 92' lang='lat' dir='ltr'>non</span> 
     </span>
     <span class='ocr_line' id='line_1_6' title="bbox 102 589 565 658; baseline 0.006 -15"><span class='ocrx_word' id='word_1_23' title='bbox 102 592 252 644; x_wconf 89' lang='lat' dir='ltr'>contentus</span> <span class='ocrx_word' id='word_1_24' title='bbox 281 589 419 644; x_wconf 83' lang='lat' dir='ltr'>Sertorius</span> <span class='ocrx_word' id='word_1_25' title='bbox 444 595 565 658; x_wconf 87' lang='grc'>134,18.</span> 
     </span>
     <span class='ocr_line' id='line_1_7' title="bbox 102 661 565 731; baseline -0.002 -16"><span class='ocrx_word' id='word_1_26' title='bbox 102 677 191 731; x_wconf 90' lang='lat' dir='ltr'>prope</span> <span class='ocrx_word' id='word_1_27' title='bbox 210 663 272 715; x_wconf 88' lang='lat' dir='ltr'>tota</span> <span class='ocrx_word' id='word_1_28' title='bbox 286 661 319 715; x_wconf 94' lang='lat' dir='ltr'>H.</span> <span class='ocrx_word' id='word_1_29' title='bbox 336 661 488 715; x_wconf 83' lang='lat' dir='ltr'>Sertorium</span> <span class='ocrx_word' id='word_1_30' title='bbox 504 678 565 731; x_wconf 90' lang='lat' dir='ltr'>per-</span> 
     </span>
     <span class='ocr_line' id='line_1_8' title="bbox 102 731 565 802; baseline 0.002 -17"><span class='ocrx_word' id='word_1_31' title='bbox 102 731 194 786; x_wconf 77' lang='lat' dir='ltr'>secuti</span> <span class='ocrx_word' id='word_1_32' title='bbox 215 732 346 785; x_wconf 76' lang='lat' dir='ltr'>Metellus</span> <span class='ocrx_word' id='word_1_33' title='bbox 370 735 399 786; x_wconf 94' lang='lat' dir='ltr'>et</span> <span class='ocrx_word' id='word_1_34' title='bbox 417 732 565 802; x_wconf 89' lang='lat' dir='ltr'>Pompeius</span> 
     </span>
     <span class='ocr_line' id='line_1_9' title="bbox 103 802 566 871; baseline -0.002 -14"><span class='ocrx_word' id='word_1_35' title='bbox 103 809 205 871; x_wconf 93' lang='grc'>135,1-.</span> <span class='ocrx_word' id='word_1_36' title='bbox 238 803 272 857; x_wconf 97' lang='lat' dir='ltr'>H.</span> <span class='ocrx_word' id='word_1_37' title='bbox 292 802 449 857; x_wconf 90' lang='lat' dir='ltr'>discordiae</span> <span class='ocrx_word' id='word_1_38' title='bbox 464 804 566 858; x_wconf 84' lang='lat' dir='ltr'>Roma-</span> 
     </span>
     <span class='ocr_line' id='line_1_10' title="bbox 100 875 567 943; baseline 0.002 -16"><span class='ocrx_word' id='word_1_39' title='bbox 100 891 203 928; x_wconf 89' lang='lat' dir='ltr'>norum</span> <span class='ocrx_word' id='word_1_40' title='bbox 239 875 340 927; x_wconf 87' lang='lat' dir='ltr'>dueum</span> <span class='ocrx_word' id='word_1_41' title='bbox 377 891 481 943; x_wconf 91' lang='lat' dir='ltr'>poenas</span> <span class='ocrx_word' id='word_1_42' title='bbox 516 875 567 928; x_wconf 88' lang='lat' dir='ltr'>dat</span> 
     </span>
     <span class='ocr_line' id='line_1_11' title="bbox 103 944 565 1015; baseline -0.002 -16"><span class='ocrx_word' id='word_1_43' title='bbox 103 950 164 1013; x_wconf 86' lang='lat'>135,</span> <span class='ocrx_word' id='word_1_44' title='bbox 176 950 200 998; x_wconf 86' lang='grc'>9.</span> <span class='ocrx_word' id='word_1_45' title='bbox 226 944 256 997; x_wconf 87' lang='grc'>15</span> <span class='ocrx_word' id='word_1_46' title='bbox 269 961 368 1014; x_wconf 82' lang='lat' dir='ltr'>pacem</span> <span class='ocrx_word' id='word_1_47' title='bbox 383 948 495 1015; x_wconf 89' lang='lat' dir='ltr'>recepta</span> <span class='ocrx_word' id='word_1_48' title='bbox 506 950 565 1014; x_wconf 85' lang='lat'>135,</span> 
     </span>
     <span class='ocr_line' id='line_1_12' title="bbox 103 1015 565 1070; baseline -0.002 0"><span class='ocrx_word' id='word_1_49' title='bbox 103 1023 146 1070; x_wconf 85' lang='lat'>14.</span> <span class='ocrx_word' id='word_1_50' title='bbox 176 1015 206 1068; x_wconf 94' lang='lat' dir='ltr'>in</span> <span class='ocrx_word' id='word_1_51' title='bbox 219 1016 253 1069; x_wconf 89' lang='lat' dir='ltr'>H.</span> <span class='ocrx_word' id='word_1_52' title='bbox 273 1033 302 1069; x_wconf 90' lang='lat' dir='ltr'>se</span> <span class='ocrx_word' id='word_1_53' title='bbox 323 1016 446 1069; x_wconf 89' lang='lat' dir='ltr'>deflectit</span> <span class='ocrx_word' id='word_1_54' title='bbox 459 1016 565 1069; x_wconf 90' lang='lat' dir='ltr'>bellum</span> 
     </span>
     <span class='ocr_line' id='line_1_13' title="bbox 104 1085 565 1156; baseline 0.002 -16"><span class='ocrx_word' id='word_1_55' title='bbox 104 1085 189 1141; x_wconf 82' lang='lat' dir='ltr'>civile</span> <span class='ocrx_word' id='word_1_56' title='bbox 218 1086 418 1140; x_wconf 81' lang='lat' dir='ltr'>Caesarianum</span> <span class='ocrx_word' id='word_1_57' title='bbox 444 1092 565 1156; x_wconf 82' lang='lat'><strong>139,16.</strong></span> 
     </span>
     <span class='ocr_line' id='line_1_14' title="bbox 105 1156 564 1227; baseline 0.004 -17"><span class='ocrx_word' id='word_1_58' title='bbox 105 1158 182 1212; x_wconf 90' lang='lat' dir='ltr'>idem</span> <span class='ocrx_word' id='word_1_59' title='bbox 207 1156 249 1210; x_wconf 91' lang='lat' dir='ltr'>ibi</span> <span class='ocrx_word' id='word_1_60' title='bbox 272 1158 367 1211; x_wconf 87' lang='lat' dir='ltr'>deficit</span> <span class='ocrx_word' id='word_1_61' title='bbox 390 1164 454 1227; x_wconf 89' lang='grc'>140,</span> <span class='ocrx_word' id='word_1_62' title='bbox 470 1165 494 1213; x_wconf 87' lang='lat'>2.</span> <span class='ocrx_word' id='word_1_63' title='bbox 531 1159 564 1212; x_wconf 90' lang='grc' dir='ltr'>Η.</span> 
     </span>
     <span class='ocr_line' id='line_1_15' title="bbox 104 1228 567 1298; baseline 0.002 -17"><span class='ocrx_word' id='word_1_64' title='bbox 104 1228 254 1297; x_wconf 91' lang='lat' dir='ltr'>Pompeius</span> <span class='ocrx_word' id='word_1_65' title='bbox 273 1228 384 1282; x_wconf 88' lang='lat' dir='ltr'>invadit</span> <span class='ocrx_word' id='word_1_66' title='bbox 399 1235 458 1298; x_wconf 89' lang='grc'>140,</span> <span class='ocrx_word' id='word_1_67' title='bbox 469 1235 512 1286; x_wconf 81' lang='grc'>24.</span> <span class='ocrx_word' id='word_1_68' title='bbox 537 1229 567 1282; x_wconf 89' lang='grc'>15</span> 
     </span>
     <span class='ocr_line' id='line_1_16' title="bbox 103 1299 567 1354; baseline 0.002 -1"><span class='ocrx_word' id='word_1_69' title='bbox 103 1300 138 1353; x_wconf 89' lang='lat' dir='ltr'>H.</span> <span class='ocrx_word' id='word_1_70' title='bbox 163 1299 339 1353; x_wconf 86' lang='lat' dir='ltr'>incruentum</span> <span class='ocrx_word' id='word_1_71' title='bbox 359 1299 486 1354; x_wconf 84' lang='lat' dir='ltr'>Caesaris</span> <span class='ocrx_word' id='word_1_72' title='bbox 507 1301 567 1354; x_wconf 91' lang='lat' dir='ltr'>bel-</span> 
     </span>
     <span class='ocr_line' id='line_1_17' title="bbox 103 1370 567 1425; baseline 0.006 -3"><span class='ocrx_word' id='word_1_73' title='bbox 103 1370 164 1424; x_wconf 91' lang='lat' dir='ltr'>lum</span> <span class='ocrx_word' id='word_1_74' title='bbox 187 1386 251 1423; x_wconf 89' lang='lat' dir='ltr'>cum</span> <span class='ocrx_word' id='word_1_75' title='bbox 269 1370 379 1424; x_wconf 85' lang='lat' dir='ltr'>Petreio</span> <span class='ocrx_word' id='word_1_76' title='bbox 404 1374 433 1425; x_wconf 89' lang='lat' dir='ltr'>et</span> <span class='ocrx_word' id='word_1_77' title='bbox 451 1372 567 1425; x_wconf 86' lang='lat' dir='ltr'>Afranio</span> 
     </span>
     <span class='ocr_line' id='line_1_18' title="bbox 105 1441 568 1510; baseline 0.002 -15"><span class='ocrx_word' id='word_1_78' title='bbox 105 1447 167 1510; x_wconf 82' lang='lat'><strong>142,</strong></span> <span class='ocrx_word' id='word_1_79' title='bbox 182 1447 225 1496; x_wconf 85' lang='lat'>24.</span> <span class='ocrx_word' id='word_1_80' title='bbox 264 1441 376 1496; x_wconf 89' lang='lat' dir='ltr'>citerior</span> <span class='ocrx_word' id='word_1_81' title='bbox 400 1445 429 1496; x_wconf 91' lang='lat' dir='ltr'>et</span> <span class='ocrx_word' id='word_1_82' title='bbox 452 1442 568 1497; x_wconf 84' lang='lat' dir='ltr'>ulterior</span> 
     </span>
     <span class='ocr_line' id='line_1_19' title="bbox 101 1512 567 1583; baseline 0.006 -18"><span class='ocrx_word' id='word_1_83' title='bbox 101 1512 242 1582; x_wconf 79' lang='lat' dir='ltr'>Hispania</span> <span class='ocrx_word' id='word_1_84' title='bbox 270 1529 287 1565; x_wconf 89' lang='lat' dir='ltr'>a</span> <span class='ocrx_word' id='word_1_85' title='bbox 311 1512 428 1567; x_wconf 78' lang='lat' dir='ltr'>Caesare</span> <span class='ocrx_word' id='word_1_86' title='bbox 454 1516 567 1583; x_wconf 87' lang='lat' dir='ltr'>recepta</span> 
     </span>
     <span class='ocr_line' id='line_1_20' title="bbox 103 1583 568 1655; baseline 0.004 -19"><span class='ocrx_word' id='word_1_87' title='bbox 103 1589 170 1651; x_wconf 87' lang='grc'>143,</span> <span class='ocrx_word' id='word_1_88' title='bbox 185 1589 210 1637; x_wconf 88' lang='grc'>8.</span> <span class='ocrx_word' id='word_1_89' title='bbox 247 1583 280 1637; x_wconf 93' lang='grc' dir='ltr'>Η.</span> <span class='ocrx_word' id='word_1_90' title='bbox 305 1584 430 1637; x_wconf 87' lang='lat' dir='ltr'>Africam</span> <span class='ocrx_word' id='word_1_91' title='bbox 454 1588 568 1655; x_wconf 87' lang='lat' dir='ltr'>superat</span> 
     </span>
     <span class='ocr_line' id='line_1_21' title="bbox 102 1653 567 1725; baseline 0.006 -17"><span class='ocrx_word' id='word_1_92' title='bbox 102 1653 180 1708; x_wconf 91' lang='lat' dir='ltr'>bello</span> <span class='ocrx_word' id='word_1_93' title='bbox 194 1653 273 1708; x_wconf 87' lang='lat' dir='ltr'>civili</span> <span class='ocrx_word' id='word_1_94' title='bbox 288 1653 456 1709; x_wconf 79' lang='lat' dir='ltr'>Caesariano</span> <span class='ocrx_word' id='word_1_95' title='bbox 472 1662 567 1725; x_wconf 85' lang='lat'><strong>151,1.</strong></span> 
     </span>
     <span class='ocr_line' id='line_1_22' title="bbox 103 1725 568 1780; baseline 0.004 -2"><span class='ocrx_word' id='word_1_96' title='bbox 103 1726 137 1779; x_wconf 93' lang='lat' dir='ltr'>H.</span> <span class='ocrx_word' id='word_1_97' title='bbox 164 1727 193 1778; x_wconf 89' lang='lat' dir='ltr'>et</span> <span class='ocrx_word' id='word_1_98' title='bbox 214 1725 408 1779; x_wconf 80' lang='lat' dir='ltr'>Mauretaniae</span> <span class='ocrx_word' id='word_1_99' title='bbox 431 1726 515 1780; x_wconf 88' lang='lat' dir='ltr'>litora</span> <span class='ocrx_word' id='word_1_100' title='bbox 538 1727 568 1780; x_wconf 94' lang='lat' dir='ltr'>in</span> 
     </span>
     <span class='ocr_line' id='line_1_23' title="bbox 102 1798 566 1866; baseline 0 -16"><span class='ocrx_word' id='word_1_101' title='bbox 102 1814 192 1850; x_wconf 91' lang='lat' dir='ltr'>unum</span> <span class='ocrx_word' id='word_1_102' title='bbox 220 1799 340 1865; x_wconf 85' lang='lat' dir='ltr'>vergunt</span> <span class='ocrx_word' id='word_1_103' title='bbox 364 1803 485 1866; x_wconf 91' lang='grc'>151,10.</span> <span class='ocrx_word' id='word_1_104' title='bbox 522 1798 566 1852; x_wconf 91' lang='lat' dir='ltr'>bis</span> 
     </span>
     <span class='ocr_line' id='line_1_24' title="bbox 104 1867 566 1937; baseline 0 -16"><span class='ocrx_word' id='word_1_105' title='bbox 104 1868 254 1921; x_wconf 85' lang='lat' dir='ltr'>subactam</span> <span class='ocrx_word' id='word_1_106' title='bbox 263 1867 297 1922; x_wconf 93' lang='lat' dir='ltr'>H.</span> <span class='ocrx_word' id='word_1_107' title='bbox 313 1868 437 1922; x_wconf 89' lang='lat' dir='ltr'>ostendit</span> <span class='ocrx_word' id='word_1_108' title='bbox 451 1871 566 1937; x_wconf 88' lang='lat' dir='ltr'>quartus</span> 
     </span>
     <span class='ocr_line' id='line_1_25' title="bbox 104 1937 566 2008; baseline 0.004 -17"><span class='ocrx_word' id='word_1_109' title='bbox 104 1937 233 1992; x_wconf 79' lang='lat' dir='ltr'>Caesaris</span> <span class='ocrx_word' id='word_1_110' title='bbox 262 1937 420 2008; x_wconf 88' lang='lat' dir='ltr'>triumphus</span> <span class='ocrx_word' id='word_1_111' title='bbox 446 1944 566 2008; x_wconf 63' lang='grc'>15514.</span> 
     </span>
     <span class='ocr_line' id='line_1_26' title="bbox 103 2008 568 2080; baseline 0.002 -18"><span class='ocrx_word' id='word_1_112' title='bbox 103 2009 134 2062; x_wconf 93' lang='lat' dir='ltr'>in</span> <span class='ocrx_word' id='word_1_113' title='bbox 152 2008 187 2063; x_wconf 95' lang='lat' dir='ltr'><strong>H.</strong></span> <span class='ocrx_word' id='word_1_114' title='bbox 211 2008 283 2062; x_wconf 88' lang='lat' dir='ltr'>alter</span> <span class='ocrx_word' id='word_1_115' title='bbox 300 2009 416 2080; x_wconf 89' lang='lat' dir='ltr'>Pompei</span> <span class='ocrx_word' id='word_1_116' title='bbox 435 2010 568 2063; x_wconf 86' lang='lat' dir='ltr'>iuvenum</span> 
     </span>
     <span class='ocr_line' id='line_1_27' title="bbox 104 2079 568 2150; baseline 0 -16"><span class='ocrx_word' id='word_1_117' title='bbox 104 2079 250 2134; x_wconf 88' lang='lat' dir='ltr'>occiderat</span> <span class='ocrx_word' id='word_1_118' title='bbox 278 2086 404 2148; x_wconf 86' lang='lat'><strong>161,12.</strong></span> <span class='ocrx_word' id='word_1_119' title='bbox 447 2081 568 2150; x_wconf 85' lang='lat' dir='ltr'>Augusti</span> 
     </span>
     <span class='ocr_line' id='line_1_28' title="bbox 104 2150 568 2221; baseline 0 -17"><span class='ocrx_word' id='word_1_120' title='bbox 104 2150 279 2220; x_wconf 84' lang='lat' dir='ltr'>temporibus</span> <span class='ocrx_word' id='word_1_121' title='bbox 293 2154 397 2221; x_wconf 89' lang='lat' dir='ltr'>pacata</span> <span class='ocrx_word' id='word_1_122' title='bbox 411 2153 469 2205; x_wconf 87' lang='lat' dir='ltr'>fere</span> <span class='ocrx_word' id='word_1_123' title='bbox 479 2152 568 2205; x_wconf 89' lang='lat' dir='ltr'>omnis</span> 
     </span>
     <span class='ocr_line' id='line_1_29' title="bbox 104 2222 568 2293; baseline 0 -18"><span class='ocrx_word' id='word_1_124' title='bbox 104 2223 138 2277; x_wconf 94' lang='lat' dir='ltr'><strong>H.</strong></span> <span class='ocrx_word' id='word_1_125' title='bbox 155 2226 216 2290; x_wconf 90' lang='grc'>178,</span> <span class='ocrx_word' id='word_1_126' title='bbox 227 2228 251 2276; x_wconf 95' lang='grc'>6.</span> <span class='ocrx_word' id='word_1_127' title='bbox 281 2223 345 2275; x_wconf 89' lang='lat' dir='ltr'>finis</span> <span class='ocrx_word' id='word_1_128' title='bbox 364 2224 491 2293; x_wconf 85' lang='lat' dir='ltr'>Augusto</span> <span class='ocrx_word' id='word_1_129' title='bbox 510 2222 568 2277; x_wconf 90' lang='lat' dir='ltr'>bel-</span> 
     </span>
     <span class='ocr_line' id='line_1_30' title="bbox 104 2292 568 2349; baseline 0 -3"><span class='ocrx_word' id='word_1_130' title='bbox 104 2294 198 2347; x_wconf 90' lang='lat' dir='ltr'>lorum</span> <span class='ocrx_word' id='word_1_131' title='bbox 227 2292 352 2347; x_wconf 83' lang='lat' dir='ltr'>civilium</span> <span class='ocrx_word' id='word_1_132' title='bbox 379 2294 455 2348; x_wconf 91' lang='lat' dir='ltr'>idem</span> <span class='ocrx_word' id='word_1_133' title='bbox 480 2294 568 2349; x_wconf 91' lang='lat' dir='ltr'>rebel-</span> 
     </span>
     <span class='ocr_line' id='line_1_31' title="bbox 105 2363 569 2434; baseline 0.002 -17"><span class='ocrx_word' id='word_1_134' title='bbox 105 2363 186 2417; x_wconf 86' lang='lat' dir='ltr'>landi</span> <span class='ocrx_word' id='word_1_135' title='bbox 204 2364 267 2417; x_wconf 87' lang='lat' dir='ltr'>finis</span> <span class='ocrx_word' id='word_1_136' title='bbox 286 2364 440 2434; x_wconf 87' lang='lat' dir='ltr'>Hispaniae</span> <span class='ocrx_word' id='word_1_137' title='bbox 461 2371 569 2433; x_wconf 73' lang='grc'>18515</span> 
     </span>
     <span class='ocr_line' id='line_1_32' title="bbox 89 2434 568 2506; baseline 0.002 -19"><span class='ocrx_word' id='word_1_138' title='bbox 89 2434 339 2504; x_wconf 84' lang='lat' dir='ltr'>Hispanienses</span> <span class='ocrx_word' id='word_1_139' title='bbox 358 2436 474 2506; x_wconf 86' lang='lat' dir='ltr'>Pompei</span> <span class='ocrx_word' id='word_1_140' title='bbox 493 2453 568 2490; x_wconf 84' lang='lat' dir='ltr'>exer-</span> 
     </span>
     <span class='ocr_line' id='line_1_33' title="bbox 109 2505 311 2574; baseline -0.005 -14"><span class='ocrx_word' id='word_1_141' title='bbox 109 2505 311 2574; x_wconf 69' lang='lat' dir='ltr'>aduersam</span> 
     </span>
    </p>

    <p class='ocr_par' dir='ltr' id='par_1_3' title="bbox 90 2576 570 3142">
     <span class='ocr_line' id='line_1_34' title="bbox 90 2576 569 2646; baseline 0.006 -17"><span class='ocrx_word' id='word_1_142' title='bbox 90 2593 153 2630; x_wconf 91' lang='lat' dir='ltr'>cum</span> <span class='ocrx_word' id='word_1_143' title='bbox 171 2576 336 2646; x_wconf 89' lang='lat' dir='ltr'>Hispanis</span> <span class='ocrx_word' id='word_1_144' title='bbox 359 2577 442 2631; x_wconf 91' lang='lat' dir='ltr'>initio</span> <span class='ocrx_word' id='word_1_145' title='bbox 463 2578 569 2632; x_wconf 92' lang='lat' dir='ltr'>bellum</span> 
     </span>
     <span class='ocr_line' id='line_1_35' title="bbox 106 2649 569 2716; baseline 0.004 -15"><span class='ocrx_word' id='word_1_146' title='bbox 106 2664 163 2701; x_wconf 91' lang='lat' dir='ltr'>non</span> <span class='ocrx_word' id='word_1_147' title='bbox 187 2650 241 2716; x_wconf 84' lang='lat' dir='ltr'>est,</span> <span class='ocrx_word' id='word_1_148' title='bbox 267 2649 316 2702; x_wconf 91' lang='lat' dir='ltr'>sed</span> <span class='ocrx_word' id='word_1_149' title='bbox 339 2665 402 2701; x_wconf 93' lang='lat' dir='ltr'>cum</span> <span class='ocrx_word' id='word_1_150' title='bbox 419 2649 521 2703; x_wconf 87' lang='lat' dir='ltr'>Poenis</span> <span class='ocrx_word' id='word_1_151' title='bbox 540 2649 569 2703; x_wconf 92' lang='lat' dir='ltr'>in</span> 
     </span>
     <span class='ocr_line' id='line_1_36' title="bbox 106 2718 569 2800; baseline 0.002 -28"><span class='ocrx_word' id='word_1_152' title='bbox 106 2718 245 2800; x_wconf 86' lang='lat' dir='ltr'>Hispania</span> <span class='ocrx_word' id='word_1_153' title='bbox 270 2725 377 2788; x_wconf 87' lang='grc'>78,10.</span> <span class='ocrx_word' id='word_1_154' title='bbox 413 2720 447 2774; x_wconf 94' lang='grc' dir='ltr'>Η.</span> <span class='ocrx_word' id='word_1_155' title='bbox 470 2720 569 2773; x_wconf 91' lang='lat' dir='ltr'>militis</span> 
     </span>
     <span class='ocr_line' id='line_1_37' title="bbox 106 2790 569 2985; baseline 0.028 -72"><span class='ocrx_word' id='word_1_156' title='bbox 106 2807 173 2985; x_wconf 49' lang='grc' dir='ltr'>11ἕὲ</span> <span class='ocrx_word' id='word_1_157' title='bbox 174 2807 270 2929; x_wconf 67' lang='lat' dir='ltr'>llll</span> <span class='ocrx_word' id='word_1_158' title='bbox 282 2790 569 2931; x_wconf 53' lang='lat' dir='ltr'>{lababat}</span> 
     </span>
     <span class='ocr_line' id='line_1_38' title="bbox 90 3002 570 3072; baseline 0 -15"><span class='ocrx_word' id='word_1_159' title='bbox 90 3002 204 3057; x_wconf 87' lang='lat' dir='ltr'>Histri</span> <span class='ocrx_word' id='word_1_160' title='bbox 236 3002 386 3057; x_wconf 82' lang='lat' dir='ltr'>vincuntur</span> <span class='ocrx_word' id='word_1_161' title='bbox 414 3003 450 3056; x_wconf 90' lang='lat' dir='ltr'>ab</span> <span class='ocrx_word' id='word_1_162' title='bbox 478 3002 570 3072; x_wconf 86' lang='lat' dir='ltr'>Appio</span> 
     </span>
     <span class='ocr_line' id='line_1_39' title="bbox 106 3074 322 3142; baseline -0.009 -14"><span class='ocrx_word' id='word_1_163' title='bbox 106 3074 229 3128; x_wconf 91' lang='lat' dir='ltr'>Pulchro</span> <span class='ocrx_word' id='word_1_164' title='bbox 249 3078 322 3142; x_wconf 77' lang='lat'><strong>68‚2</strong></span> 
     </span>
    </p>

    <p class='ocr_par' dir='ltr' id='par_1_4' title="bbox 89 3136 570 3285">
     <span class='ocr_line' id='line_1_40' title="bbox 89 3136 570 3199; baseline -0.004 0"><span class='ocrx_word' id='word_1_165' title='bbox 89 3145 120 3199; x_wconf 88' lang='lat' dir='ltr'>in</span> <span class='ocrx_word' id='word_1_166' title='bbox 147 3144 318 3198; x_wconf 87' lang='lat' dir='ltr'>Histriam</span> <span class='ocrx_word' id='word_1_167' title='bbox 343 3136 478 3198; x_wconf 84' lang='lat' dir='ltr'>Tar&#39;entos</span> <span class='ocrx_word' id='word_1_168' title='bbox 507 3145 570 3199; x_wconf 81' lang='lat' dir='ltr'>vela</span> 
     </span>
     <span class='ocr_line' id='line_1_41' title="bbox 107 3215 325 3285; baseline -0.009 -15"><span class='ocrx_word' id='word_1_169' title='bbox 107 3215 232 3270; x_wconf 88' lang='lat' dir='ltr'>dimittit</span> <span class='ocrx_word' id='word_1_170' title='bbox 250 3221 325 3285; x_wconf 68' lang='lat'>324</span> 
     </span>
    </p>

    <p class='ocr_par' dir='ltr' id='par_1_5' title="bbox 89 3285 570 3497">
     <span class='ocr_line' id='line_1_42' title="bbox 89 3285 570 3356; baseline -0.004 -15"><span class='ocrx_word' id='word_1_171' title='bbox 89 3286 264 3356; x_wconf 89' lang='lat' dir='ltr'>Horatiis,</span> <span class='ocrx_word' id='word_1_172' title='bbox 291 3286 449 3356; x_wconf 88' lang='lat' dir='ltr'>trigeminis</span> <span class='ocrx_word' id='word_1_173' title='bbox 476 3285 570 3340; x_wconf 88' lang='lat' dir='ltr'>fratri-</span> 
     </span>
     <span class='ocr_line' id='line_1_43' title="bbox 106 3357 570 3428; baseline -0.002 -16"><span class='ocrx_word' id='word_1_174' title='bbox 106 3358 170 3426; x_wconf 90' lang='lat' dir='ltr'>bus,</span> <span class='ocrx_word' id='word_1_175' title='bbox 189 3357 288 3428; x_wconf 91' lang='lat' dir='ltr'>populi</span> <span class='ocrx_word' id='word_1_176' title='bbox 300 3357 421 3412; x_wconf 89' lang='lat' dir='ltr'>Romani</span> <span class='ocrx_word' id='word_1_177' title='bbox 434 3359 495 3411; x_wconf 89' lang='lat' dir='ltr'>fata</span> <span class='ocrx_word' id='word_1_178' title='bbox 509 3375 570 3427; x_wconf 88' lang='lat' dir='ltr'>per-</span> 
     </span>
     <span class='ocr_line' id='line_1_44' title="bbox 106 3429 308 3497; baseline -0.01 -14"><span class='ocrx_word' id='word_1_179' title='bbox 106 3429 197 3483; x_wconf 87' lang='lat' dir='ltr'>missa</span> <span class='ocrx_word' id='word_1_180' title='bbox 216 3434 258 3497; x_wconf 91' lang='grc'>10,</span> <span class='ocrx_word' id='word_1_181' title='bbox 274 3435 308 3482; x_wconf 90' lang='grc'>14</span> 
     </span>
    </p>
   </div>
   <div class='ocr_carea' id='block_1_3' title="bbox 1034 147 1096 211">
    <p class='ocr_par' dir='ltr' id='par_1_6' title="bbox 1034 147 1096 211">
     <span class='ocr_line' id='line_1_45' title="bbox 1034 147 1096 211; baseline 0 -1"><span class='ocrx_word' id='word_1_182' title='bbox 1034 147 1096 211; x_wconf 83' lang='lat'>221</span> 
     </span>
    </p>
   </div>
   <div class='ocr_carea' id='block_1_4' title="bbox 620 307 1101 2788">
    <p class='ocr_par' dir='ltr' id='par_1_7' title="bbox 639 307 1098 447">
     <span class='ocr_line' id='line_1_46' title="bbox 639 307 1098 375; baseline -0.002 -15"><span class='ocrx_word' id='word_1_183' title='bbox 639 313 746 375; x_wconf 91' lang='grc'>10,18.</span> <span class='ocrx_word' id='word_1_184' title='bbox 793 307 964 360; x_wconf 89' lang='lat' dir='ltr'>inmaturum</span> <span class='ocrx_word' id='word_1_185' title='bbox 997 307 1098 362; x_wconf 88' lang='grc'>5515115</span> 
     </span>
     <span class='ocr_line' id='line_1_47' title="bbox 639 377 1039 447; baseline 0.003 -16"><span class='ocrx_word' id='word_1_186' title='bbox 639 394 761 431; x_wconf 87' lang='lat' dir='ltr'>amorem</span> <span class='ocrx_word' id='word_1_187' title='bbox 779 377 855 430; x_wconf 92' lang='lat' dir='ltr'>ultus</span> <span class='ocrx_word' id='word_1_188' title='bbox 874 378 946 431; x_wconf 86' lang='lat' dir='ltr'>ferro</span> <span class='ocrx_word' id='word_1_189' title='bbox 969 384 1008 447; x_wconf 88' lang='grc'>11,</span> <span class='ocrx_word' id='word_1_190' title='bbox 1024 385 1039 432; x_wconf 90' lang='lat'><strong>2</strong></span> 
     </span>
    </p>

    <p class='ocr_par' dir='ltr' id='par_1_8' title="bbox 620 448 1099 728">
     <span class='ocr_line' id='line_1_48' title="bbox 620 448 1098 502; baseline 0.002 -1"><span class='ocrx_word' id='word_1_191' title='bbox 620 448 784 502; x_wconf 90' lang='lat' dir='ltr'>Horatius</span> <span class='ocrx_word' id='word_1_192' title='bbox 800 448 917 502; x_wconf 80' lang='lat' dir='ltr'>Cocles</span> <span class='ocrx_word' id='word_1_193' title='bbox 936 448 992 501; x_wconf 89' lang='lat' dir='ltr'>nisi</span> <span class='ocrx_word' id='word_1_194' title='bbox 1005 448 1035 501; x_wconf 93' lang='lat' dir='ltr'>in</span> <span class='ocrx_word' id='word_1_195' title='bbox 1050 466 1098 502; x_wconf 88' lang='lat' dir='ltr'>an-</span> 
     </span>
     <span class='ocr_line' id='line_1_49' title="bbox 637 519 1099 588; baseline 0.002 -16"><span class='ocrx_word' id='word_1_196' title='bbox 637 519 750 573; x_wconf 88' lang='lat' dir='ltr'>nalibus</span> <span class='ocrx_word' id='word_1_197' title='bbox 760 520 840 588; x_wconf 85' lang='lat' dir='ltr'>foret,</span> <span class='ocrx_word' id='word_1_198' title='bbox 850 519 950 572; x_wconf 82' lang='lat' dir='ltr'>fabula</span> <span class='ocrx_word' id='word_1_199' title='bbox 956 519 1099 573; x_wconf 88' lang='lat' dir='ltr'>videretur</span> 
     </span>
     <span class='ocr_line' id='line_1_50' title="bbox 640 590 1098 660; baseline 0.002 -17"><span class='ocrx_word' id='word_1_200' title='bbox 640 596 739 658; x_wconf 84' lang='grc'>17,14,</span> <span class='ocrx_word' id='word_1_201' title='bbox 771 594 858 660; x_wconf 89' lang='lat' dir='ltr'>ponto</span> <span class='ocrx_word' id='word_1_202' title='bbox 877 590 993 644; x_wconf 89' lang='lat' dir='ltr'>rescisso</span> <span class='ocrx_word' id='word_1_203' title='bbox 1008 592 1098 644; x_wconf 87' lang='lat' dir='ltr'>trans-</span> 
     </span>
     <span class='ocr_line' id='line_1_51' title="bbox 638 661 998 728; baseline 0 -14"><span class='ocrx_word' id='word_1_204' title='bbox 638 663 720 714; x_wconf 87' lang='lat' dir='ltr'>natat</span> <span class='ocrx_word' id='word_1_205' title='bbox 738 661 862 715; x_wconf 81' lang='lat' dir='ltr'>Tiberim</span> <span class='ocrx_word' id='word_1_206' title='bbox 882 666 923 728; x_wconf 91' lang='grc'>17,</span> <span class='ocrx_word' id='word_1_207' title='bbox 940 667 971 714; x_wconf 92' lang='grc'>17</span> <span class='ocrx_word' id='word_1_208' title='bbox 996 665 998 669; x_wconf 85' lang='grc'><strong>’</strong></span> 
     </span>
    </p>

    <p class='ocr_par' dir='ltr' id='par_1_9' title="bbox 620 732 1100 1086">
     <span class='ocr_line' id='line_1_52' title="bbox 620 732 1099 786; baseline 0.002 -2"><span class='ocrx_word' id='word_1_209' title='bbox 620 733 657 786; x_wconf 89' lang='lat' dir='ltr'><strong>M.</strong></span> <span class='ocrx_word' id='word_1_210' title='bbox 676 732 842 785; x_wconf 90' lang='lat' dir='ltr'>Horatius</span> <span class='ocrx_word' id='word_1_211' title='bbox 861 732 1046 786; x_wconf 91' lang='lat' dir='ltr'>Publicola</span> <span class='ocrx_word' id='word_1_212' title='bbox 1069 733 1099 785; x_wconf 90' lang='lat' dir='ltr'>in</span> 
     </span>
     <span class='ocr_line' id='line_1_53' title="bbox 638 802 1099 858; baseline 0 -2"><span class='ocrx_word' id='word_1_213' title='bbox 638 803 730 857; x_wconf 90' lang='lat' dir='ltr'>locum</span> <span class='ocrx_word' id='word_1_214' title='bbox 744 802 878 857; x_wconf 79' lang='lat' dir='ltr'>Collatini</span> <span class='ocrx_word' id='word_1_215' title='bbox 896 803 1018 858; x_wconf 89' lang='lat' dir='ltr'>consulis</span> <span class='ocrx_word' id='word_1_216' title='bbox 1036 804 1099 856; x_wconf 92' lang='lat' dir='ltr'>sub-</span> 
     </span>
     <span class='ocr_line' id='line_1_54' title="bbox 638 874 1099 942; baseline -0.002 -15"><span class='ocrx_word' id='word_1_217' title='bbox 638 874 754 927; x_wconf 86' lang='lat' dir='ltr'>stitutus</span> <span class='ocrx_word' id='word_1_218' title='bbox 772 880 814 942; x_wconf 95' lang='grc'>16,</span> <span class='ocrx_word' id='word_1_219' title='bbox 825 881 849 928; x_wconf 92' lang='grc'>6.</span> <span class='ocrx_word' id='word_1_220' title='bbox 879 892 985 928; x_wconf 90' lang='lat' dir='ltr'>summo</span> <span class='ocrx_word' id='word_1_221' title='bbox 1005 874 1099 927; x_wconf 91' lang='lat' dir='ltr'>studio</span> 
     </span>
     <span class='ocr_line' id='line_1_55' title="bbox 639 945 1100 1016; baseline 0.002 -19"><span class='ocrx_word' id='word_1_222' title='bbox 639 945 753 998; x_wconf 89' lang='lat' dir='ltr'>adnisus</span> <span class='ocrx_word' id='word_1_223' title='bbox 777 946 814 998; x_wconf 89' lang='lat' dir='ltr'>ad</span> <span class='ocrx_word' id='word_1_224' title='bbox 838 946 997 1016; x_wconf 84' lang='lat' dir='ltr'>augendam</span> <span class='ocrx_word' id='word_1_225' title='bbox 1017 945 1100 999; x_wconf 88' lang='lat' dir='ltr'>liberi</span> 
     </span>
     <span class='ocr_line' id='line_1_56' title="bbox 637 1015 1022 1086; baseline 0 -17"><span class='ocrx_word' id='word_1_226' title='bbox 637 1015 736 1086; x_wconf 88' lang='lat' dir='ltr'>populi</span> <span class='ocrx_word' id='word_1_227' title='bbox 753 1016 931 1070; x_wconf 88' lang='lat' dir='ltr'>maiestatem</span> <span class='ocrx_word' id='word_1_228' title='bbox 951 1023 991 1084; x_wconf 95' lang='grc'>16,</span> <span class='ocrx_word' id='word_1_229' title='bbox 1008 1023 1022 1069; x_wconf 92' lang='grc'>7</span> 
     </span>
    </p>

    <p class='ocr_par' dir='ltr' id='par_1_10' title="bbox 620 1087 1101 2359">
     <span class='ocr_line' id='line_1_57' title="bbox 620 1087 1100 1157; baseline 0.002 -17"><span class='ocrx_word' id='word_1_230' title='bbox 620 1087 1100 1157; x_wconf 87' lang='lat' dir='ltr'>TullusH0stiliusexcipith-</span> 
     </span>
     <span class='ocr_line' id='line_1_58' title="bbox 638 1158 1099 1226; baseline 0.004 -16"><span class='ocrx_word' id='word_1_231' title='bbox 638 1175 714 1211; x_wconf 90' lang='lat' dir='ltr'>mam</span> <span class='ocrx_word' id='word_1_232' title='bbox 733 1164 775 1226; x_wconf 93' lang='grc'>10,</span> <span class='ocrx_word' id='word_1_233' title='bbox 790 1163 814 1212; x_wconf 89' lang='grc'>8.</span> <span class='ocrx_word' id='word_1_234' title='bbox 845 1158 875 1211; x_wconf 85' lang='grc'>15</span> <span class='ocrx_word' id='word_1_235' title='bbox 892 1160 1026 1212; x_wconf 89' lang='lat' dir='ltr'>honorem</span> <span class='ocrx_word' id='word_1_236' title='bbox 1044 1158 1099 1212; x_wconf 85' lang='lat' dir='ltr'>vir-</span> 
     </span>
     <span class='ocr_line' id='line_1_59' title="bbox 638 1229 1101 1299; baseline 0 -17"><span class='ocrx_word' id='word_1_237' title='bbox 638 1229 708 1282; x_wconf 91' lang='lat' dir='ltr'>tutis</span> <span class='ocrx_word' id='word_1_238' title='bbox 729 1246 846 1299; x_wconf 81' lang='lat' dir='ltr'>regnum</span> <span class='ocrx_word' id='word_1_239' title='bbox 865 1229 891 1282; x_wconf 94' lang='lat' dir='ltr'>ei</span> <span class='ocrx_word' id='word_1_240' title='bbox 909 1229 983 1283; x_wconf 90' lang='lat' dir='ltr'>ultro</span> <span class='ocrx_word' id='word_1_241' title='bbox 1003 1231 1101 1283; x_wconf 89' lang='lat' dir='ltr'>datum</span> 
     </span>
     <span class='ocr_line' id='line_1_60' title="bbox 631 1300 1101 1371; baseline 0.002 -19"><span class='ocrx_word' id='word_1_242' title='bbox 631 1306 682 1367; x_wconf 90' lang='grc'>10,</span> <span class='ocrx_word' id='word_1_243' title='bbox 698 1305 721 1353; x_wconf 86' lang='grc'>3.</span> <span class='ocrx_word' id='word_1_244' title='bbox 750 1300 902 1353; x_wconf 89' lang='lat' dir='ltr'>militarem</span> <span class='ocrx_word' id='word_1_245' title='bbox 921 1300 1101 1371; x_wconf 91' lang='lat' dir='ltr'>disciplinam</span> 
     </span>
     <span class='ocr_line' id='line_1_61' title="bbox 640 1371 1101 1438; baseline 0.004 -15"><span class='ocrx_word' id='word_1_246' title='bbox 640 1372 785 1438; x_wconf 85' lang='lat' dir='ltr'>artemque</span> <span class='ocrx_word' id='word_1_247' title='bbox 817 1371 943 1424; x_wconf 91' lang='lat' dir='ltr'>bellandi</span> <span class='ocrx_word' id='word_1_248' title='bbox 974 1372 1101 1425; x_wconf 91' lang='lat' dir='ltr'>condidit</span> 
     </span>
     <span class='ocr_line' id='line_1_62' title="bbox 641 1443 1100 1511; baseline 0.002 -17"><span class='ocrx_word' id='word_1_249' title='bbox 641 1447 683 1509; x_wconf 90' lang='grc'>10,</span> <span class='ocrx_word' id='word_1_250' title='bbox 694 1447 718 1494; x_wconf 85' lang='grc'>9.</span> <span class='ocrx_word' id='word_1_251' title='bbox 746 1459 897 1511; x_wconf 88' lang='lat' dir='ltr'>provocare</span> <span class='ocrx_word' id='word_1_252' title='bbox 916 1459 1000 1496; x_wconf 89' lang='lat' dir='ltr'>ausus</span> <span class='ocrx_word' id='word_1_253' title='bbox 1014 1443 1100 1496; x_wconf 85' lang='lat' dir='ltr'>Alba-</span> 
     </span>
     <span class='ocr_line' id='line_1_63' title="bbox 639 1513 1101 1580; baseline 0.002 -15"><span class='ocrx_word' id='word_1_254' title='bbox 639 1529 689 1566; x_wconf 90' lang='lat' dir='ltr'>nos</span> <span class='ocrx_word' id='word_1_255' title='bbox 710 1517 809 1580; x_wconf 89' lang='grc'>10,11.</span> <span class='ocrx_word' id='word_1_256' title='bbox 843 1513 993 1567; x_wconf 85' lang='lat' dir='ltr'>Fidenates</span> <span class='ocrx_word' id='word_1_257' title='bbox 1012 1514 1101 1568; x_wconf 86' lang='lat' dir='ltr'>vincit</span> 
     </span>
     <span class='ocr_line' id='line_1_64' title="bbox 641 1584 1100 1653; baseline 0 -17"><span class='ocrx_word' id='word_1_258' title='bbox 641 1590 683 1652; x_wconf 91' lang='lat'>11,</span> <span class='ocrx_word' id='word_1_259' title='bbox 694 1589 717 1637; x_wconf 84' lang='lat'>6.</span> <span class='ocrx_word' id='word_1_260' title='bbox 746 1584 866 1637; x_wconf 90' lang='lat' dir='ltr'>Mettum</span> <span class='ocrx_word' id='word_1_261' title='bbox 880 1584 1021 1638; x_wconf 83' lang='lat' dir='ltr'>Fufetium</span> <span class='ocrx_word' id='word_1_262' title='bbox 1039 1602 1100 1653; x_wconf 90' lang='lat' dir='ltr'>per-</span> 
     </span>
     <span class='ocr_line' id='line_1_65' title="bbox 638 1654 1100 1723; baseline 0.004 -16"><span class='ocrx_word' id='word_1_263' title='bbox 638 1654 749 1707; x_wconf 88' lang='lat' dir='ltr'>nicibus</span> <span class='ocrx_word' id='word_1_264' title='bbox 768 1654 847 1723; x_wconf 88' lang='lat' dir='ltr'>equis</span> <span class='ocrx_word' id='word_1_265' title='bbox 868 1654 1001 1709; x_wconf 85' lang='lat' dir='ltr'>distrahit</span> <span class='ocrx_word' id='word_1_266' title='bbox 1021 1661 1061 1722; x_wconf 86' lang='lat'>11,</span> <span class='ocrx_word' id='word_1_267' title='bbox 1076 1661 1100 1710; x_wconf 81' lang='lat'>9.</span> 
     </span>
     <span class='ocr_line' id='line_1_66' title="bbox 639 1725 1100 1794; baseline 0.002 -16"><span class='ocrx_word' id='word_1_268' title='bbox 639 1725 742 1779; x_wconf 89' lang='lat' dir='ltr'>Albam</span> <span class='ocrx_word' id='word_1_269' title='bbox 756 1725 843 1779; x_wconf 92' lang='lat' dir='ltr'>diruit</span> <span class='ocrx_word' id='word_1_270' title='bbox 858 1732 900 1794; x_wconf 89' lang='lat'>11,</span> <span class='ocrx_word' id='word_1_271' title='bbox 912 1732 953 1780; x_wconf 94' lang='lat'>11.</span> <span class='ocrx_word' id='word_1_272' title='bbox 980 1726 1100 1779; x_wconf 89' lang='lat' dir='ltr'>militiae</span> 
     </span>
     <span class='ocr_line' id='line_1_67' title="bbox 640 1797 1101 1852; baseline 0.004 -3"><span class='ocrx_word' id='word_1_273' title='bbox 640 1797 742 1850; x_wconf 82' lang='lat' dir='ltr'>artifex</span> <span class='ocrx_word' id='word_1_274' title='bbox 756 1797 833 1851; x_wconf 93' lang='lat' dir='ltr'>acuit</span> <span class='ocrx_word' id='word_1_275' title='bbox 846 1798 956 1851; x_wconf 88' lang='lat' dir='ltr'>ratione</span> <span class='ocrx_word' id='word_1_276' title='bbox 967 1797 1101 1852; x_wconf 85' lang='lat' dir='ltr'>virtutem</span> 
     </span>
     <span class='ocr_line' id='line_1_68' title="bbox 641 1873 713 1935; baseline 0.028 -16"><span class='ocrx_word' id='word_1_277' title='bbox 641 1873 713 1935; x_wconf 73' lang='lat' dir='ltr'>raa</span> 
     </span>
     <span class='ocr_line' id='line_1_69' title="bbox 623 1937 1100 1994; baseline 0.002 -4"><span class='ocrx_word' id='word_1_278' title='bbox 623 1937 1100 1994; x_wconf 83' lang='lat' dir='ltr'>C.HostilioMancinoconsule</span> 
     </span>
     <span class='ocr_line' id='line_1_70' title="bbox 640 2008 1100 2078; baseline 0.002 -16"><span class='ocrx_word' id='word_1_279' title='bbox 640 2008 819 2077; x_wconf 81' lang='lat' dir='ltr'>Carthaginis</span> <span class='ocrx_word' id='word_1_280' title='bbox 835 2011 944 2064; x_wconf 91' lang='lat' dir='ltr'>obsidio</span> <span class='ocrx_word' id='word_1_281' title='bbox 958 2011 1048 2065; x_wconf 84' lang='lat' dir='ltr'>fervet</span> <span class='ocrx_word' id='word_1_282' title='bbox 1059 2016 1100 2078; x_wconf 90' lang='grc'>75,</span> 
     </span>
     <span class='ocr_line' id='line_1_71' title="bbox 641 2079 1101 2135; baseline 0.009 -4"><span class='ocrx_word' id='word_1_283' title='bbox 641 2086 665 2133; x_wconf 91' lang='lat'>2.</span> <span class='ocrx_word' id='word_1_284' title='bbox 686 2096 748 2132; x_wconf 88' lang='lat' dir='ltr'>cum</span> <span class='ocrx_word' id='word_1_285' title='bbox 763 2096 795 2133; x_wconf 91' lang='lat' dir='ltr'>eo</span> <span class='ocrx_word' id='word_1_286' title='bbox 809 2079 908 2133; x_wconf 82' lang='lat' dir='ltr'>foedus</span> <span class='ocrx_word' id='word_1_287' title='bbox 922 2081 1032 2134; x_wconf 86' lang='lat' dir='ltr'>faciunt</span> <span class='ocrx_word' id='word_1_288' title='bbox 1043 2081 1101 2135; x_wconf 87' lang='lat' dir='ltr'>Nu-</span> 
     </span>
     <span class='ocr_line' id='line_1_72' title="bbox 640 2148 1101 2217; baseline 0.007 -15"><span class='ocrx_word' id='word_1_289' title='bbox 640 2148 762 2202; x_wconf 87' lang='lat' dir='ltr'>mantini</span> <span class='ocrx_word' id='word_1_290' title='bbox 787 2155 834 2217; x_wconf 92' lang='grc'>81,</span> <span class='ocrx_word' id='word_1_291' title='bbox 855 2156 896 2205; x_wconf 90' lang='lat'>22.</span> <span class='ocrx_word' id='word_1_292' title='bbox 935 2152 993 2204; x_wconf 87' lang='lat' dir='ltr'>eius</span> <span class='ocrx_word' id='word_1_293' title='bbox 1023 2152 1101 2205; x_wconf 88' lang='lat' dir='ltr'>dedi-</span> 
     </span>
     <span class='ocr_line' id='line_1_73' title="bbox 641 2220 1100 2290; baseline 0.004 -17"><span class='ocrx_word' id='word_1_294' title='bbox 641 2221 718 2274; x_wconf 91' lang='lat' dir='ltr'>tione</span> <span class='ocrx_word' id='word_1_295' title='bbox 736 2220 857 2274; x_wconf 85' lang='lat' dir='ltr'>foederis</span> <span class='ocrx_word' id='word_1_296' title='bbox 872 2221 991 2275; x_wconf 92' lang='lat' dir='ltr'>dedecus</span> <span class='ocrx_word' id='word_1_297' title='bbox 1006 2222 1100 2290; x_wconf 85' lang='lat' dir='ltr'>expia-</span> 
     </span>
     <span class='ocr_line' id='line_1_74' title="bbox 640 2295 778 2359; baseline 0.014 -15"><span class='ocrx_word' id='word_1_298' title='bbox 640 2295 687 2344; x_wconf 92' lang='lat' dir='ltr'>tur</span> <span class='ocrx_word' id='word_1_299' title='bbox 705 2296 778 2359; x_wconf 76' lang='grc'>82,7</span> 
     </span>
    </p>

    <p class='ocr_par' dir='ltr' id='par_1_11' title="bbox 623 2361 1100 2572">
     <span class='ocr_line' id='line_1_75' title="bbox 623 2361 1100 2416; baseline -0.004 0"><span class='ocrx_word' id='word_1_300' title='bbox 623 2362 865 2416; x_wconf 88' lang='lat' dir='ltr'>Mancinianae</span> <span class='ocrx_word' id='word_1_301' title='bbox 909 2361 1100 2416; x_wconf 89' lang='lat' dir='ltr'>deditionis</span> 
     </span>
     <span class='ocr_line' id='line_1_76' title="bbox 641 2433 1100 2500; baseline -0.004 -12"><span class='ocrx_word' id='word_1_302' title='bbox 641 2433 804 2500; x_wconf 80' lang='lat' dir='ltr'>contagium</span> <span class='ocrx_word' id='word_1_303' title='bbox 817 2433 900 2486; x_wconf 89' lang='lat' dir='ltr'>timet</span> <span class='ocrx_word' id='word_1_304' title='bbox 908 2433 950 2487; x_wconf 82' lang='lat' dir='ltr'>Ti.</span> <span class='ocrx_word' id='word_1_305' title='bbox 959 2433 1100 2487; x_wconf 82' lang='lat' dir='ltr'>Gracchus</span> 
     </span>
     <span class='ocr_line' id='line_1_77' title="bbox 642 2511 734 2572; baseline -0.011 -14"><span class='ocrx_word' id='word_1_306' title='bbox 642 2511 734 2572; x_wconf 72' lang='lat' dir='ltr'>nas</span> 
     </span>
    </p>

    <p class='ocr_par' dir='ltr' id='par_1_12' title="bbox 622 2575 942 2630">
     <span class='ocr_line' id='line_1_78' title="bbox 622 2575 942 2630; baseline -0.003 -1"><span class='ocrx_word' id='word_1_307' title='bbox 622 2576 775 2629; x_wconf 91' lang='lat' dir='ltr'>hostium</span> <span class='ocrx_word' id='word_1_308' title='bbox 793 2595 818 2630; x_wconf 86' lang='lat' dir='ltr'>v.</span> <span class='ocrx_word' id='word_1_309' title='bbox 838 2575 942 2630; x_wconf 89' lang='lat' dir='ltr'>ostium</span> 
     </span>
    </p>

    <p class='ocr_par' dir='ltr' id='par_1_13' title="bbox 622 2647 1101 2788">
     <span class='ocr_line' id='line_1_79' title="bbox 622 2647 1101 2717; baseline 0.002 -18"><span class='ocrx_word' id='word_1_310' title='bbox 622 2647 814 2715; x_wconf 83' lang='lat' dir='ltr'>Hyrcanum</span> <span class='ocrx_word' id='word_1_311' title='bbox 831 2647 966 2701; x_wconf 88' lang='lat' dir='ltr'>Iudaeum</span> <span class='ocrx_word' id='word_1_312' title='bbox 984 2663 1101 2717; x_wconf 87' lang='lat' dir='ltr'>regnare</span> 
     </span>
     <span class='ocr_line' id='line_1_80' title="bbox 641 2718 1015 2788; baseline 0 -18"><span class='ocrx_word' id='word_1_313' title='bbox 641 2718 720 2772; x_wconf 85' lang='lat' dir='ltr'>iubet</span> <span class='ocrx_word' id='word_1_314' title='bbox 738 2718 887 2788; x_wconf 88' lang='lat' dir='ltr'>Pompeius</span> <span class='ocrx_word' id='word_1_315' title='bbox 907 2725 966 2787; x_wconf 91' lang='grc'>100,</span> <span class='ocrx_word' id='word_1_316' title='bbox 982 2723 1015 2770; x_wconf 91' lang='grc'>15</span> 
     </span>
    </p>
   </div>
   <div class='ocr_carea' id='block_1_5' title="bbox 623 2859 1103 3495">
    <p class='ocr_par' dir='ltr' id='par_1_14' title="bbox 623 2859 1103 3352">
     <span class='ocr_line' id='line_1_81' title="bbox 623 2859 1103 2930; baseline -0.004 -15"><span class='ocrx_word' id='word_1_317' title='bbox 623 2859 788 2915; x_wconf 88' lang='lat' dir='ltr'>Ianiculo</span> <span class='ocrx_word' id='word_1_318' title='bbox 808 2864 943 2930; x_wconf 89' lang='lat' dir='ltr'>occupato</span> <span class='ocrx_word' id='word_1_319' title='bbox 959 2860 1103 2913; x_wconf 89' lang='lat' dir='ltr'>Porsenna</span> 
     </span>
     <span class='ocr_line' id='line_1_82' title="bbox 642 2929 1102 3000; baseline 0.002 -17"><span class='ocrx_word' id='word_1_320' title='bbox 642 2930 712 3000; x_wconf 92' lang='lat' dir='ltr'>ipsis</span> <span class='ocrx_word' id='word_1_321' title='bbox 735 2931 813 2984; x_wconf 88' lang='lat' dir='ltr'>urbis</span> <span class='ocrx_word' id='word_1_322' title='bbox 836 2930 964 2985; x_wconf 87' lang='lat' dir='ltr'>faucibus</span> <span class='ocrx_word' id='word_1_323' title='bbox 986 2929 1102 2985; x_wconf 88' lang='lat' dir='ltr'>incubat</span> 
     </span>
     <span class='ocr_line' id='line_1_83' title="bbox 643 3001 1101 3069; baseline -0.004 -14"><span class='ocrx_word' id='word_1_324' title='bbox 643 3007 685 3069; x_wconf 90' lang='grc'>17,</span> <span class='ocrx_word' id='word_1_325' title='bbox 698 3008 739 3055; x_wconf 88' lang='grc'>10.</span> <span class='ocrx_word' id='word_1_326' title='bbox 768 3002 798 3054; x_wconf 90' lang='grc'>15</span> <span class='ocrx_word' id='word_1_327' title='bbox 815 3001 943 3055; x_wconf 87' lang='lat' dir='ltr'>montel.</span> <span class='ocrx_word' id='word_1_328' title='bbox 964 3001 1101 3054; x_wconf 91' lang='lat' dir='ltr'>tumultus</span> 
     </span>
     <span class='ocr_line' id='line_1_84' title="bbox 643 3071 1101 3139; baseline 0.002 -15"><span class='ocrx_word' id='word_1_329' title='bbox 643 3072 713 3126; x_wconf 89' lang='lat' dir='ltr'>duce</span> <span class='ocrx_word' id='word_1_330' title='bbox 721 3072 855 3126; x_wconf 83' lang='lat' dir='ltr'>Canuleio</span> <span class='ocrx_word' id='word_1_331' title='bbox 865 3071 1101 3139; x_wconf 84' lang='lat' dir='ltr'>exardescit40‚3.</span> 
     </span>
     <span class='ocr_line' id='line_1_85' title="bbox 641 3141 1103 3212; baseline -0.002 -16"><span class='ocrx_word' id='word_1_332' title='bbox 641 3141 1103 3212; x_wconf 87' lang='lat' dir='ltr'>IaniculomanusOctavidepulsa</span> 
     </span>
     <span class='ocr_line' id='line_1_86' title="bbox 643 3213 1102 3280; baseline 0 -13"><span class='ocrx_word' id='word_1_333' title='bbox 643 3232 660 3267; x_wconf 91' lang='lat' dir='ltr'>a</span> <span class='ocrx_word' id='word_1_334' title='bbox 673 3213 808 3267; x_wconf 88' lang='lat' dir='ltr'>Marianis</span> <span class='ocrx_word' id='word_1_335' title='bbox 824 3219 883 3280; x_wconf 89' lang='grc'>131,</span> <span class='ocrx_word' id='word_1_336' title='bbox 899 3219 940 3266; x_wconf 89' lang='grc'>14.</span> <span class='ocrx_word' id='word_1_337' title='bbox 968 3213 1068 3267; x_wconf 88' lang='lat' dir='ltr'>collem</span> <span class='ocrx_word' id='word_1_338' title='bbox 1081 3214 1102 3267; x_wconf 94' lang='grc' dir='ltr'>Ι.</span> 
     </span>
     <span class='ocr_line' id='line_1_87' title="bbox 643 3283 1102 3352; baseline -0.007 -13"><span class='ocrx_word' id='word_1_339' title='bbox 643 3285 766 3339; x_wconf 84' lang='lat' dir='ltr'>exercitu</span> <span class='ocrx_word' id='word_1_340' title='bbox 781 3284 890 3352; x_wconf 84' lang='lat' dir='ltr'>Syllani</span> <span class='ocrx_word' id='word_1_341' title='bbox 903 3283 1028 3338; x_wconf 91' lang='lat' dir='ltr'>insident</span> <span class='ocrx_word' id='word_1_342' title='bbox 1044 3289 1102 3352; x_wconf 88' lang='grc'>136,</span> 
     </span>
    </p>

    <p class='ocr_par' dir='ltr' id='par_1_15' title="bbox 624 3425 1102 3495">
     <span class='ocr_line' id='line_1_88' title="bbox 624 3425 1102 3495; baseline -0.002 -16"><span class='ocrx_word' id='word_1_343' title='bbox 624 3427 741 3480; x_wconf 92' lang='lat' dir='ltr'>Ianum</span> <span class='ocrx_word' id='word_1_344' title='bbox 754 3425 898 3495; x_wconf 85' lang='lat' dir='ltr'>geminum</span> <span class='ocrx_word' id='word_1_345' title='bbox 904 3425 998 3479; x_wconf 89' lang='lat' dir='ltr'>Numa</span> <span class='ocrx_word' id='word_1_346' title='bbox 1011 3425 1102 3480; x_wconf 91' lang='lat' dir='ltr'>colen-</span> 
     </span>
    </p>
   </div>
   <div class='ocr_carea' id='block_1_6' title="bbox 89 3497 1104 3569">
    <p class='ocr_par' dir='ltr' id='par_1_16' title="bbox 89 3497 1104 3569">
     <span class='ocr_line' id='line_1_89' title="bbox 89 3497 1104 3569; baseline -0.005 -15"><span class='ocrx_word' id='word_1_347' title='bbox 89 3499 256 3555; x_wconf 88' lang='lat' dir='ltr'>Horatius</span> <span class='ocrx_word' id='word_1_348' title='bbox 276 3499 414 3555; x_wconf 81' lang='lat' dir='ltr'>Curiatios</span> <span class='ocrx_word' id='word_1_349' title='bbox 437 3501 572 3569; x_wconf 86' lang='lat' dir='ltr'>exuperat</span> <span class='ocrx_word' id='word_1_350' title='bbox 643 3499 710 3551; x_wconf 91' lang='lat' dir='ltr'>dum</span> <span class='ocrx_word' id='word_1_351' title='bbox 738 3498 788 3551; x_wconf 87' lang='lat' dir='ltr'>dat</span> <span class='ocrx_word' id='word_1_352' title='bbox 811 3502 839 3563; x_wconf 83' lang='lat'>9,</span> <span class='ocrx_word' id='word_1_353' title='bbox 854 3503 895 3550; x_wconf 89' lang='lat'>22.</span> <span class='ocrx_word' id='word_1_354' title='bbox 932 3497 995 3550; x_wconf 86' lang='lat' dir='ltr'>Iani</span> <span class='ocrx_word' id='word_1_355' title='bbox 1021 3499 1104 3567; x_wconf 83' lang='lat' dir='ltr'>porta</span> 
     </span>
    </p>
   </div>
   <div class='ocr_carea' id='block_1_7' title="bbox 0 0 1209 3930">
    <p class='ocr_par' dir='ltr' id='par_1_17' title="bbox 0 0 1209 3930">
     <span class='ocr_line' id='line_1_90' title="bbox 0 0 1209 3930; baseline 0 0"><span class='ocrx_word' id='word_1_356' title='bbox 0 0 1209 3930; x_wconf 95' lang='lat' dir='ltr'> </span> 
     </span>
    </p>
   </div>
  </div>
 </body>
</html>
