2386 3922
92 163 154 228 112
448 164 736 217 moarnrrrous

90 333 174 409 signa
201 348 273 390 auro
303 331 465 408 sericisque
494 329 608 390 vexillis
637 329 791 391 vibrantia.
836 335 909 390 tunc
933 332 1000 391 sine
1024 349 1104 392 mora

89 420 263 480 circumfusi
299 419 431 496 undiquc
469 420 617 497 equitatus
654 421 685 479 in
722 418 842 479 modum
875 419 1032 497 grandinis
1063 426 1101 480 at-

90 526 147 587 que
170 508 340 567 nimborum
364 507 455 568 densa
478 510 590 585 pariter
612 507 670 568 tela
689 507 838 568 fuderunt.
876 508 921 569 sie
939 508 1102 570 miserabili

54 603 187 675 astrage
217 595 332 656 deletus
361 598 519 657 exercitus.
565 599 629 675 ipse
658 599 689 656 iu
713 596 904 675 conloquium
928 597 1099 659 sollicitatus

90 687 174 764 siguo
194 685 261 745 dato
281 687 364 745 vivus
383 686 415 745 in
433 686 564 745 hostium
583 703 688 746 manus
707 685 871 765 incidisset,
892 687 955 746 nisi
973 686 1098 747 tribunis
1117 694 1128 736 ⁶

38 785 71 834 10
89 773 305 835 reluctantibus
324 775 424 852 lugam
442 774 526 834 ducis
539 773 659 834 barbari
673 774 752 834 ferro
768 781 973 853 occupassent.
1011 775 1096 836 filium

90 863 174 923 ducis
204 881 296 942 paene
329 865 361 923 in
393 869 555 942 conspectu
585 865 679 941 patris
707 863 787 923 idem
813 862 882 922 telis
912 871 1094 943 operuerunt

90 953 134 1012 sic
158 969 276 1030 quoque
300 952 425 1012 relatum
446 959 535 1031 caput
553 951 681 1012 ludibrio
700 951 837 1012 hostibus
856 952 921 1012 luit.
959 953 1092 1032 reliquiae

89 1040 217 1101 infelicis
237 1043 395 1121 exercitus,
420 1059 477 1119 quo
497 1058 644 1120 quemque
664 1043 763 1119 rapuit
782 1041 859 1121 fuga,
882 1043 915 1101 in
933 1041 1091 1102 Armeniam

90 1128 224 1190 Ciliciam
251 1130 424 1208 Syriamque
458 1131 615 1190 distractae
644 1131 691 1189 vix
720 1132 858 1190 nuntium
888 1129 982 1191 cladis
1009 1136 1117 1191 retu-¹⁰

39 1217 196 1279 11lerunt.
243 1225 331 1297 caput
355 1221 419 1278 eius
442 1221 573 1278 recisum
596 1236 664 1278 cum
688 1218 809 1279 dextera
832 1236 924 1279 manu
947 1219 983 1280 ad
1002 1234 1088 1298 regen

89 1315 273 1386 reportatum
305 1307 433 1367 ludibrio
467 1308 535 1386 suit,
573 1325 670 1386 neque
702 1307 832 1386 indigno.
884 1325 991 1368 aurum
1022 1309 1088 1368 enim

90 1395 236 1474 liquidum
268 1398 300 1456 in
332 1398 440 1457 rictum
473 1398 534 1456 oris
561 1396 693 1456 inlusum
721 1402 779 1476 est,
811 1404 845 1457 ut
872 1399 959 1458 cuius
986 1399 1086 1458 animus

90 1493 203 1545 arserat
230 1487 296 1545 auri
324 1486 497 1564 cupiditate,
526 1486 590 1545 eius
618 1487 707 1545 etiam
734 1493 886 1546 mortuum
913 1492 944 1546 ct
971 1499 1086 1564 exangue

90 1592 198 1652 corpus
222 1592 293 1634 auro
317 1582 463 1634 ureretur.
1094 1574 1129 1619 ¹⁶·

351 1784 459 1845 XLVII.
491 1782 837 1848 ANAKEQALAEOSIS.

0 1943 2 1976 ι
24 1921 88 2004 ,12
156 1925 236 1985 Haec
264 1932 309 1985 est
338 1925 387 1985 illa
414 1929 500 1986 tertia
524 1936 604 1988 aetas
627 1928 729 2007 populi
747 1927 780 1988 R.
804 1932 1017 2012 transmarina,
1043 1943 1084 2007 qua

55 2014 172 2074 altalia
199 2014 339 2093 progredi
367 2033 456 2075 ausus
484 2015 556 2077 orbe
583 2024 645 2076 toto
674 2035 754 2077 arma
779 2018 970 2079 circumtulit.
1017 2019 1083 2079 culs
1127 2022 1129 2027 '

90 2106 194 2163 aetatis
224 2105 392 2182 superiores
417 2112 536 2165 centum
560 2108 629 2165 anni
653 2108 747 2166 sancti
770 2109 812 2185 pii
836 2113 878 2187 et,
908 2114 941 2167 ut
965 2109 1085 2181 diximus

161 2259 183 2312 I
193 2263 206 2310 1
224 2274 371 2326 cereosque
385 2259 412 2312 L
428 2262 431 2323 1
448 2260 509 2312 tum
525 2258 597 2328 0113
617 2258 741 2312 mirabili
756 2259 805 2328 1111
819 2263 836 2310 4
850 2277 917 2315 uum
932 2259 1086 2315 sollicitatus
1127 2262 1129 2269 '

90 2330 134 2383 est
157 2331 186 2383 et
205 2328 285 2400 signo
305 2330 371 2382 dato
391 2329 506 2384 occisus.
521 2328 632 2398 vivuat,
650 2348 674 2385 o.
690 2330 790 2402 Festus
805 2336 841 2386 17
858 2335 867 2400 l
886 2338 902 2385 ὁ
918 2332 987 2387 dato
1004 2334 1028 2401 (o
1041 2346 1086 2384 cor·
1127 2346 1129 2351 ·

89 2408 163 2456 reeta
182 2418 215 2455 ea
233 2402 262 2469 u)
281 2401 308 2454 L
329 2402 333 2470 1
353 2400 382 2453 in
401 2416 451 2456 om.
469 2401 497 2454 B
514 2400 640 2454 hostium
658 2399 688 2453 in
706 2417 807 2455 manus
826 2402 959 2458 Halmius
978 2406 982 2471 1
1001 2398 1087 2457 incidit

91 2471 141 2525 sed
159 2471 215 2525 nisi
230 2473 253 2527 C
269 2471 435 2540 inciderat?,
453 2490 477 2527 o.
493 2472 594 2527 Festus
608 2473 625 2528 l.
640 2489 661 2527 c.
677 2475 716 2539 116
736 2471 776 2526 sic
795 2489 906 2541 quoque
920 2505 955 2514 —
970 2473 1025 2528 fuit
1036 2473 1087 2542 post

91 2544 287 2610 occupassent:
312 2549 374 2609 post
396 2545 565 2611 operuerunt
588 2545 683 2612 (13.7)
706 2546 876 2613 transposuit
898 2544 936 2600 F.
956 2545 993 2599 Ε.
1012 2543 1086 2598 Koa·

91 2614 162 2666 lesus
184 2615 282 2667 collato
300 2614 451 2669 Plutarcho
473 2615 560 2670 Orass.
576 2619 614 2669 25
626 2631 674 2684 sq,
695 2616 805 2670 seclusit
821 2616 942 2670 latratus
959 2616 1045 2670 filium
1060 2641 1085 2652 -

91 2685 260 2749 operuerunt
282 2691 308 2738 et
330 2684 370 2738 sic
393 2700 503 2752 quoque
522 2716 556 2725 -
575 2684 630 2738 fuit
644 2692 708 2754 post
726 2684 835 2740 deletus
854 2685 993 2741 exercitus
1011 2690 1053 2756 (oc.
1065 2684 1086 2750 4)

92 2754 237 2808 Goertaius
256 2756 265 2823 11
288 2759 302 2806 7
322 2755 400 2808 cuius
420 2758 571 2826 conspectu
590 2759 618 2810 et
636 2755 710 2809 filius
729 2756 881 2811 hostilibus
900 2757 966 2812 telis
985 2757 1085 2833 effossus

91 2824 194 2893 etipse
208 2828 368 2894 peremptus
384 2829 523 2896 caputque
534 2826 624 2882 eiusI
636 2829 640 2897 1
657 2826 763 2882 eisdem
774 2828 797 2883 G
808 2831 816 2897 11
831 2829 934 2884 8hosti
945 2828 969 2884 0
982 2832 986 2899 Ι
1001 2827 1088 2895 reliqu

92 2898 150 2965 (sic)
180 2928 211 2935 -
239 2895 396 2951 retulerunt
419 2906 483 2967 post
510 2901 636 2952 ureretur
663 2901 711 2968 (ue.
740 2902 786 2969 16)
814 2901 836 2953 Ι
860 2902 870 2970 11
902 2905 918 2953 9
945 2916 1013 2955 uero
1037 2901 1088 2954 atta

90 2966 212 3020 infelicis
240 2969 304 3022 add.
328 2971 350 3022 Ι
371 2973 374 3036 1
400 2986 454 3038 quo
480 2987 530 3025 om.
554 2971 582 3023 B
607 2971 611 3038 1
637 2985 765 3038 quenque
788 2972 853 3095 qu
870 2977 904 3026 10
930 2970 1048 3026 siliciam
1066 2965 1088 3021 Β

92 3037 220 3092 celicium
242 3040 374 3094 Iordanis
397 3042 473 3095 codd.
492 3041 575 3096 Heia.
595 3042 656 3095 Pal.
682 3040 806 3095 ciliciam
870 3044 1004 3098 Iordanis
1024 3037 1088 3098 codd·

96 3111 156 3164 Val.
172 3111 259 3164 Laus.
277 3112 281 3178 1
303 3109 454 3179 siriamque
468 3113 496 3165 B
517 3116 521 3180 1
542 3110 672 3166 distracti
684 3114 724 3181 ΙΙ
738 3111 787 3167 uix
805 3111 896 3166 cladis
915 3115 1014 3168 tantae
1032 3127 1089 3168 nun·

91 3180 163 3233 tium
185 3183 207 3234 I
226 3180 316 3234 cladis
334 3181 354 3250 (i
372 3200 406 3236 aa.
426 3190 441 3236 1
461 3190 582 3239 correcta
599 3201 634 3238 ea
652 3185 677 3253 e)
697 3184 730 3238 N
750 3187 754 3254 1
778 3183 937 3239 retulerunt
954 3186 1016 3241 AL
1035 3187 1045 3255 11
1064 3184 1090 3237 11

92 3251 227 3304 recissum
245 3252 273 3305 L
294 3252 452 3321 praecisum
470 3256 489 3308 Ι
509 3256 518 3325 11
542 3260 574 3307 12
594 3253 748 3308 ludibrium
766 3257 788 3309 I
805 3258 814 3326 1
839 3261 873 3309 14
891 3273 1034 3328 exsangue
1050 3250 1096 3310 NI

94 3321 267 3392 exsanguine
286 3324 313 3376 L
330 3327 339 3393 11
361 3329 394 3377 16
413 3338 477 3378 sua
488 3354 493 3365 ·
505 3339 732 3380 oarnsnsnosrs
743 3356 767 3395 -‚·
786 3327 821 3381 N
834 3339 1094 3383 salonarum·

90 3407 169 3448 0818·
190 3397 282 3462 (prior
299 3394 326 3447 H
344 3398 492 3465 aspernata)
511 3396 537 3449 L
558 3398 567 3466 11
589 3401 622 3450 17
641 3396 718 3450 Haec
737 3399 781 3451 est
795 3429 828 3438 -
843 3396 884 3452 sic
902 3397 971 3454 Cras
990 3398 1096 3470 recepta

91 3464 195 3532 (1119,
209 3468 237 3535 7)
261 3482 310 3520 om.
330 3468 352 3519 I
373 3465 377 3537 1
404 3466 491 3519 tertia
512 3485 562 3522 out.
582 3469 608 3521 B
631 3467 717 3521 tertia
739 3468 792 3522 illa
811 3469 945 3526 Halmius
964 3473 1098 3540 confutat

86 3550 118 3601 p.
133 3539 177 3604 13,
192 3541 209 3589 4
227 3541 236 3604 11
257 3542 289 3589 19
309 3536 401 3591 sancti
419 3540 444 3607 (c
463 3555 549 3609 supra
567 3555 673 3594 vasum
691 3557 725 3594 aa.
742 3542 768 3609 1)
787 3540 821 3593 N
