2386 3922
289 190 482 243 vunomws
501 189 647 243 ORATOR
666 192 715 244 Ax
733 192 851 244 POETA
1019 188 1081 252 187

66 355 267 415 miseriorem.
304 362 350 416 set
372 353 498 416 subinde
518 358 691 416 retractanti
710 362 879 434 sortemque
899 374 994 416 meam
1014 375 1082 416 cum

68 443 198 503 lortuuis
226 450 257 504 et
284 446 391 505 ceteris
419 447 495 505 vitae
523 444 675 505 laboribus
699 445 864 505 conferenti
888 445 1006 504 tandem
1029 445 1081 505 ali-

69 531 188 611 quando
205 531 395 610 pulchritudo
415 536 547 613 suscepti
566 536 667 612 operis
686 537 830 612 apparuit.
869 536 946 593 scire
966 541 995 593 te
1011 553 1081 613 ergo

10 688 13 693 ,
68 638 146 681 nunc
176 627 294 699 oportet
315 621 430 682 nullum
453 625 670 704 magisterium,
698 623 809 682 nullam
831 624 1081 703 procurationem,

10 706 15 811 1
47 708 184 770 sonuum
216 709 359 770 honorem
392 711 525 813 decerni,
559 719 650 815 quant
652 731 686 771 us
718 712 766 771 bic
799 714 838 771 sit
866 718 984 771 nostrae
1012 730 1080 790 pro·

10 784 217 859 fessionis.
253 816 359 878 nempe
384 801 410 858 si
433 799 507 859 mibi
529 802 675 860 maximus
694 802 858 879 imperator
876 803 966 860 vitem
985 800 1014 859 id
1036 807 1080 860 est

70 894 187 948 centum
206 886 341 948 homines
360 888 506 966 regendos
525 889 706 970 tradidisset,
729 908 788 948 uon
807 890 967 949 mediocris
986 889 1080 948 bonor

69 975 186 1037 babitus
218 976 291 1036 mibi
318 976 482 1058 videretur3
514 978 588 1038 cedo
617 980 643 1038 si
670 979 899 1061 praefecturam,
932 980 958 1038 si
985 977 1079 1037 tribu-

70 1072 183 1126 uatum.
206 1083 313 1144 nempe
336 1056 416 1126 idem
439 1066 543 1147 bonos,
566 1069 625 1127 nisi
648 1067 726 1145 quod
746 1085 861 1127 merces
881 1066 1015 1145 amplior.
1054 1068 1079 1125 si

25 1148 29 1155 “
71 1171 137 1233 ergo
159 1172 221 1214 non
240 1153 358 1234 Caesar,
381 1155 433 1214 sed
451 1155 582 1215 Fortuna
605 1156 661 1215 boc
683 1175 775 1234 genus
796 1158 931 1215 stationis
951 1157 1080 1215 iniunxit

70 1245 112 1303 uti
132 1245 236 1323 pueris
256 1245 394 1322 ingenuis
413 1251 501 1323 atque
519 1244 653 1305 honestis
673 1245 883 1324 praesiderem,
906 1252 1035 1303 nounet
1023 1244 1078 1303 tibi

70 1330 225 1410 pulchrum
243 1328 389 1413 (videor)
408 1340 495 1412 atque
520 1335 709 1412 magnificum
728 1340 906 1394 consecutus
926 1329 1078 1393 officium?

71 1438 177 1499 quaeso
200 1423 288 1501 enim,
311 1424 433 1500 propius
457 1424 582 1502 intuere,
606 1429 705 1483 utrum
729 1421 910 1501 praeclarius
935 1424 974 1482 sit
992 1439 1078 1500 sagu-

70 1508 132 1570 latis
151 1527 189 1570 an
207 1513 399 1589 praetextatis
415 1508 575 1590 inperare?
593 1511 729 1571 barbaris
744 1512 934 1589 efferatisque
948 1513 1077 1589 pectori-

69 1596 122 1659 bus
144 1617 183 1658 an
206 1598 328 1659 mitibus
353 1607 382 1660 et
405 1596 556 1661 innoxiis?
581 1600 658 1660 bone
677 1600 819 1680 luppiter,
843 1618 931 1678 quam
950 1602 1077 1678 impera·

69 1689 184 1768 torium,
208 1706 297 1766 quam
319 1691 435 1767 regium
460 1697 505 1749 est
524 1689 628 1750 sedere
647 1709 662 1749 a
683 1696 824 1768 suggestu
843 1690 1077 1767 praecipientem

67 1772 158 1836 bonos
184 1794 283 1837 mores
306 1785 338 1838 et
360 1796 511 1838 sacrarum
535 1779 631 1839 studia
656 1778 835 1860 litterarum,
864 1780 923 1837 iam
946 1779 1077 1837 carmina

66 1864 297 1947 praelegentem‚
321 1866 429 1946 quibus
454 1885 504 1926 ora
528 1877 701 1947 mentesque
726 1868 903 1947 formantur,
926 1868 985 1926 iam
1009 1885 1076 1926 sen·

66 1955 166 2014 tentiis
190 1957 280 2015 variis
304 1974 410 2016 sensus
434 1958 621 2036 excitantem,
644 1959 703 2015 iam
727 1957 870 2036 exemplis
893 1975 996 2015 rosae

135 2147 150 2196 1
175 2145 205 2197 61
227 2142 346 2197 subinde
365 2144 532 2198 retractent·
552 2160 620 2198 corr.
635 2145 675 2198 Ri
676 2146 768 2198 tlscbe'
757 2161 802 2198 cos
822 2147 831 2214 11
853 2151 867 2197 3
887 2143 1047 2212 pulcritudo
1066 2145 1076 2216 11

66 2213 191 2284 tmegis
205 2213 345 2285 predium·
365 2231 433 2269 corr.
445 2214 557 2283 Haupt
546 2232 590 2269 arce
609 2231 698 2282 opusc
713 2217 769 2268 ΠΙ
776 2234 805 2284 p
820 2221 875 2268 469
889 2214 980 2267 maius
994 2231 1074 2283 prae·

66 2282 143 2338 dium
158 2285 284 2340 Oeblerns
298 2287 306 2355 11
322 2293 337 2340 6
351 2284 490 2354 inputem:
505 2301 573 2341 corr.
588 2288 707 2340 Iahnius
721 2285 875 2354 imperator
888 2285 1076 2338 centuriatum

66 2353 218 2426 &bopeoaao
234 2356 387 2426 imperator
400 2355 477 2410 mille
491 2355 537 2410 vel
552 2357 603 2410 Ro
603 2358 717 2411 schelius
731 2358 740 2426 11
755 2363 769 2410 7
785 2357 873 2410 bonos
889 2356 927 2409 Rc'
929 2357 1054 2410 tscbelias
1066 2358 1076 2425 11

67 2430 97 2479 11
119 2429 281 2497 66661112
304 2427 403 2481 videor
425 2435 488 2482 onte
511 2427 672 2497 pulcrum(
662 2429 720 2497 (sic)
711 2429 803 2497 )add.
823 2427 999 2492 Rttsctettos
1013 2434 1077 2494 post

64 2497 190 2575 pulcrum
198 2429 317 2553 1161111113
330 2499 478 2580 pulchrum
489 2498 571 2570 (sum
559 2498 608 2625 ⁶>
604 2500 618 2540 9
631 2501 640 2568 11
655 2504 689 2552 14
702 2498 871 2580 prebexiatis
882 2499 940 2568 11116
955 2495 1015 2566 iupr
1007 2496 1074 2569 'herl

65 2580 94 2621 ln
92 2569 266 2639 peratorium
279 2572 289 2641 11
304 2569 364 2624 16
355 2588 386 2623 ιιι
405 2572 539 2640 suggestu
579 2573 740 2640 cbopenusll
737 2574 792 2640 119
813 2569 982 2623 excitentur:
1006 2586 1074 2624 corr.

66 2585 255 2766 {litlpebssllitppl
265 2641 399 2710 exemplis
418 2642 561 2695 Romanae
585 2641 832 2711 eloquentiaet
780 2643 820 2696 Ra·
821 2643 960 2708 tscbelc'us,
981 2642 1077 2696 ocelim

188 2729 200 2765 s
233 2728 291 2766 nae
