<?xml version="1.0" encoding="UTF-8"?>
<!DOCTYPE html PUBLIC "-//W3C//DTD XHTML 1.0 Transitional//EN"
    "http://www.w3.org/TR/xhtml1/DTD/xhtml1-transitional.dtd">
<html xmlns="http://www.w3.org/1999/xhtml" xml:lang="en" lang="en">
 <head>
  <title>
</title>
<meta http-equiv="Content-Type" content="text/html;charset=utf-8" />
  <meta name='ocr-system' content='tesseract 3.04.00' />
  <meta name='ocr-capabilities' content='ocr_page ocr_carea ocr_par ocr_line ocrx_word'/>
</head>
<body>
  <div class='ocr_page' id='page_1' title='image "./lannaeifloriepi01florgoog_0224.png"; bbox 0 0 2386 3922; ppageno 0'>
   <div class='ocr_carea' id='block_1_1' title="bbox 425 182 1047 255">
    <p class='ocr_par' dir='ltr' id='par_1_1' title="bbox 425 182 1047 255">
     <span class='ocr_line' id='line_1_1' title="bbox 425 182 1047 255; baseline 0 -18"><span class='ocrx_word' id='word_1_1' title='bbox 425 182 464 251; x_wconf 89' lang='lat'><strong>11,</strong></span> <span class='ocrx_word' id='word_1_2' title='bbox 484 189 516 237; x_wconf 87' lang='lat'><strong>13</strong></span> <span class='ocrx_word' id='word_1_3' title='bbox 535 185 609 254; x_wconf 84' lang='lat'><em>(1111,</em></span> <span class='ocrx_word' id='word_1_4' title='bbox 628 188 662 255; x_wconf 82' lang='lat' dir='ltr'><strong>c).</strong></span> <span class='ocrx_word' id='word_1_5' title='bbox 985 187 1047 251; x_wconf 74' lang='lat'><strong>141</strong></span> 
     </span>
    </p>
   </div>
   <div class='ocr_carea' id='block_1_2' title="bbox 29 349 1113 2296">
    <p class='ocr_par' dir='ltr' id='par_1_2' title="bbox 29 349 1113 2296">
     <span class='ocr_line' id='line_1_2' title="bbox 65 349 1048 434; baseline 0.001 -21"><span class='ocrx_word' id='word_1_6' title='bbox 65 353 203 432; x_wconf 84' lang='lat' dir='ltr'><strong>exercitus,</strong></span> <span class='ocrx_word' id='word_1_7' title='bbox 226 358 257 412; x_wconf 90' lang='lat' dir='ltr'><strong>et</strong></span> <span class='ocrx_word' id='word_1_8' title='bbox 278 353 311 412; x_wconf 92' lang='lat' dir='ltr'><strong>in</strong></span> <span class='ocrx_word' id='word_1_9' title='bbox 332 351 380 411; x_wconf 92' lang='lat' dir='ltr'><strong>bis</strong></span> <span class='ocrx_word' id='word_1_10' title='bbox 403 349 484 410; x_wconf 90' lang='lat' dir='ltr'><strong>orbis</strong></span> <span class='ocrx_word' id='word_1_11' title='bbox 507 352 666 430; x_wconf 92' lang='lat' dir='ltr'><strong>imperium</strong></span> <span class='ocrx_word' id='word_1_12' title='bbox 690 356 830 414; x_wconf 90' lang='lat' dir='ltr'><strong>societate</strong></span> <span class='ocrx_word' id='word_1_13' title='bbox 853 356 944 415; x_wconf 88' lang='lat' dir='ltr'><strong>trium</strong></span> <span class='ocrx_word' id='word_1_14' title='bbox 967 357 1048 434; x_wconf 91' lang='lat' dir='ltr'><strong>prin-</strong></span> 
     </span>
     <span class='ocr_line' id='line_1_3' title="bbox 64 440 1102 520; baseline 0.003 -19"><span class='ocrx_word' id='word_1_15' title='bbox 64 443 143 520; x_wconf 81' lang='lat' dir='ltr'><strong>cipum</strong></span> <span class='ocrx_word' id='word_1_16' title='bbox 169 447 338 519; x_wconf 89' lang='lat' dir='ltr'><strong>ocoupatur.</strong></span> <span class='ocrx_word' id='word_1_17' title='bbox 384 440 488 500; x_wconf 91' lang='lat' dir='ltr'><strong>decem</strong></span> <span class='ocrx_word' id='word_1_18' title='bbox 515 458 608 500; x_wconf 89' lang='lat' dir='ltr'><strong>annos</strong></span> <span class='ocrx_word' id='word_1_19' title='bbox 635 445 725 502; x_wconf 84' lang='lat' dir='ltr'><strong>traxit</strong></span> <span class='ocrx_word' id='word_1_20' title='bbox 747 445 804 502; x_wconf 91' lang='lat' dir='ltr'><strong>ista</strong></span> <span class='ocrx_word' id='word_1_21' title='bbox 827 443 988 502; x_wconf 83' lang='lat' dir='ltr'><strong>dominatio</strong></span> <span class='ocrx_word' id='word_1_22' title='bbox 1013 463 1048 504; x_wconf 81' lang='lat' dir='ltr'><strong>ex</strong></span> <span class='ocrx_word' id='word_1_23' title='bbox 1070 455 1102 504; x_wconf 80' lang='lat'><strong>13</strong></span> 
     </span>
     <span class='ocr_line' id='line_1_4' title="bbox 62 528 1049 611; baseline 0.002 -22"><span class='ocrx_word' id='word_1_24' title='bbox 62 530 118 611; x_wconf 88' lang='lat' dir='ltr'><strong>ide,</strong></span> <span class='ocrx_word' id='word_1_25' title='bbox 146 531 215 608; x_wconf 92' lang='lat' dir='ltr'><strong>quia</strong></span> <span class='ocrx_word' id='word_1_26' title='bbox 246 536 350 590; x_wconf 92' lang='lat' dir='ltr'><strong>mutuo</strong></span> <span class='ocrx_word' id='word_1_27' title='bbox 377 535 459 589; x_wconf 93' lang='lat' dir='ltr'><strong>metu</strong></span> <span class='ocrx_word' id='word_1_28' title='bbox 486 528 672 590; x_wconf 90' lang='lat' dir='ltr'><strong>tenebantur.</strong></span> <span class='ocrx_word' id='word_1_29' title='bbox 723 529 822 591; x_wconf 84' lang='lat' dir='ltr'><strong>Crassi</strong></span> <span class='ocrx_word' id='word_1_30' title='bbox 849 539 944 591; x_wconf 89' lang='lat' dir='ltr'><strong>morte</strong></span> <span class='ocrx_word' id='word_1_31' title='bbox 972 533 1049 610; x_wconf 92' lang='lat' dir='ltr'><strong>apud</strong></span> 
     </span>
     <span class='ocr_line' id='line_1_5' title="bbox 33 617 1051 701; baseline 0 -22"><span class='ocrx_word' id='word_1_32' title='bbox 33 618 165 679; x_wconf 82' lang='lat' dir='ltr'><strong>‘Parthos</strong></span> <span class='ocrx_word' id='word_1_33' title='bbox 188 625 219 678; x_wconf 88' lang='lat' dir='ltr'><strong>et</strong></span> <span class='ocrx_word' id='word_1_34' title='bbox 239 625 336 678; x_wconf 92' lang='lat' dir='ltr'><strong>morte</strong></span> <span class='ocrx_word' id='word_1_35' title='bbox 359 617 458 698; x_wconf 87' lang='lat' dir='ltr'><strong>luliae,</strong></span> <span class='ocrx_word' id='word_1_36' title='bbox 481 617 616 679; x_wconf 81' lang='lat' dir='ltr'><strong>Caesaris</strong></span> <span class='ocrx_word' id='word_1_37' title='bbox 640 620 730 701; x_wconf 87' lang='lat' dir='ltr'><strong>tiliae,</strong></span> <span class='ocrx_word' id='word_1_38' title='bbox 754 638 829 698; x_wconf 90' lang='lat' dir='ltr'><strong>quac</strong></span> <span class='ocrx_word' id='word_1_39' title='bbox 852 626 943 699; x_wconf 92' lang='lat' dir='ltr'><strong>nupta</strong></span> <span class='ocrx_word' id='word_1_40' title='bbox 965 620 1051 680; x_wconf 92' lang='lat' dir='ltr'><strong>Pom-</strong></span> 
     </span>
     <span class='ocr_line' id='line_1_6' title="bbox 40 707 1051 788; baseline 0 -19"><span class='ocrx_word' id='word_1_41' title='bbox 40 726 52 769; x_wconf 84' lang='grc'><strong>1</strong></span> <span class='ocrx_word' id='word_1_42' title='bbox 59 711 113 788; x_wconf 89' lang='lat' dir='ltr'><strong>pelo</strong></span> <span class='ocrx_word' id='word_1_43' title='bbox 134 710 237 786; x_wconf 83' lang='lat' dir='ltr'><strong>generi</strong></span> <span class='ocrx_word' id='word_1_44' title='bbox 259 708 414 785; x_wconf 82' lang='lat' dir='ltr'><strong>socerique</strong></span> <span class='ocrx_word' id='word_1_45' title='bbox 438 707 625 767; x_wconf 83' lang='lat' dir='ltr'><strong>concordiam</strong></span> <span class='ocrx_word' id='word_1_46' title='bbox 645 711 826 769; x_wconf 81' lang='lat' dir='ltr'><strong>matrimonii</strong></span> <span class='ocrx_word' id='word_1_47' title='bbox 844 709 963 769; x_wconf 85' lang='lat' dir='ltr'><strong>loedere</strong></span> <span class='ocrx_word' id='word_1_48' title='bbox 983 727 1051 769; x_wconf 93' lang='lat' dir='ltr'><strong>con-</strong></span> 
     </span>
     <span class='ocr_line' id='line_1_7' title="bbox 59 794 1105 877; baseline 0 -20"><span class='ocrx_word' id='word_1_49' title='bbox 59 796 169 877; x_wconf 89' lang='lat' dir='ltr'><strong>tinebat,</strong></span> <span class='ocrx_word' id='word_1_50' title='bbox 196 797 296 857; x_wconf 87' lang='lat' dir='ltr'><strong>statim</strong></span> <span class='ocrx_word' id='word_1_51' title='bbox 319 794 476 856; x_wconf 84' lang='lat' dir='ltr'><strong>aemulatio</strong></span> <span class='ocrx_word' id='word_1_52' title='bbox 500 799 605 875; x_wconf 92' lang='lat' dir='ltr'><strong>erupit.</strong></span> <span class='ocrx_word' id='word_1_53' title='bbox 651 800 710 857; x_wconf 89' lang='lat' dir='ltr'><strong>iam</strong></span> <span class='ocrx_word' id='word_1_54' title='bbox 733 798 872 876; x_wconf 92' lang='lat' dir='ltr'><strong>Pompeio</strong></span> <span class='ocrx_word' id='word_1_55' title='bbox 897 805 1050 876; x_wconf 90' lang='lat' dir='ltr'><strong>suspectae</strong></span> <span class='ocrx_word' id='word_1_56' title='bbox 1072 811 1105 858; x_wconf 86' lang='lat'><strong>14</strong></span> 
     </span>
     <span class='ocr_line' id='line_1_8' title="bbox 59 883 1052 965; baseline -0.001 -18"><span class='ocrx_word' id='word_1_57' title='bbox 59 885 179 947; x_wconf 76' lang='lat' dir='ltr'><strong>Caesaris</strong></span> <span class='ocrx_word' id='word_1_58' title='bbox 203 903 275 964; x_wconf 91' lang='lat' dir='ltr'><strong>opes</strong></span> <span class='ocrx_word' id='word_1_59' title='bbox 299 892 329 945; x_wconf 90' lang='lat' dir='ltr'><strong>et</strong></span> <span class='ocrx_word' id='word_1_60' title='bbox 351 883 470 945; x_wconf 88' lang='lat' dir='ltr'><strong>Caesari</strong></span> <span class='ocrx_word' id='word_1_61' title='bbox 492 883 670 965; x_wconf 93' lang='lat' dir='ltr'><strong>Pompeiana</strong></span> <span class='ocrx_word' id='word_1_62' title='bbox 694 886 822 964; x_wconf 84' lang='lat' dir='ltr'><strong>dignitas</strong></span> <span class='ocrx_word' id='word_1_63' title='bbox 846 889 951 965; x_wconf 88' lang='lat' dir='ltr'><strong>gravis.</strong></span> <span class='ocrx_word' id='word_1_64' title='bbox 998 904 1052 946; x_wconf 91' lang='lat' dir='ltr'><strong>nec</strong></span> 
     </span>
     <span class='ocr_line' id='line_1_9' title="bbox 57 972 1052 1054; baseline -0.001 -19"><span class='ocrx_word' id='word_1_65' title='bbox 57 974 98 1035; x_wconf 92' lang='lat' dir='ltr'><strong>ille</strong></span> <span class='ocrx_word' id='word_1_66' title='bbox 123 973 236 1035; x_wconf 83' lang='lat' dir='ltr'><strong>ferebat</strong></span> <span class='ocrx_word' id='word_1_67' title='bbox 261 992 376 1054; x_wconf 88' lang='lat' dir='ltr'><strong>parem,</strong></span> <span class='ocrx_word' id='word_1_68' title='bbox 405 992 459 1033; x_wconf 92' lang='lat' dir='ltr'><strong>nec</strong></span> <span class='ocrx_word' id='word_1_69' title='bbox 486 974 535 1034; x_wconf 90' lang='lat' dir='ltr'><strong>hio</strong></span> <span class='ocrx_word' id='word_1_70' title='bbox 564 977 756 1053; x_wconf 88' lang='lat' dir='ltr'><strong>superiorem.</strong></span> <span class='ocrx_word' id='word_1_71' title='bbox 802 994 856 1054; x_wconf 93' lang='lat' dir='ltr'><strong>pro</strong></span> <span class='ocrx_word' id='word_1_72' title='bbox 886 972 980 1035; x_wconf 83' lang='lat' dir='ltr'><strong>nefas!</strong></span> <span class='ocrx_word' id='word_1_73' title='bbox 1009 977 1052 1034; x_wconf 91' lang='lat' dir='ltr'><strong>sic</strong></span> 
     </span>
     <span class='ocr_line' id='line_1_10' title="bbox 59 1060 1053 1142; baseline -0.002 -18"><span class='ocrx_word' id='word_1_74' title='bbox 59 1063 88 1124; x_wconf 93' lang='lat' dir='ltr'><strong>de</strong></span> <span class='ocrx_word' id='word_1_75' title='bbox 120 1065 289 1142; x_wconf 89' lang='lat' dir='ltr'><strong>principatu</strong></span> <span class='ocrx_word' id='word_1_76' title='bbox 320 1060 504 1142; x_wconf 86' lang='lat' dir='ltr'><strong>laborabant,</strong></span> <span class='ocrx_word' id='word_1_77' title='bbox 540 1070 689 1142; x_wconf 88' lang='lat' dir='ltr'><strong>tamquam</strong></span> <span class='ocrx_word' id='word_1_78' title='bbox 722 1065 796 1124; x_wconf 93' lang='lat' dir='ltr'><strong>duos</strong></span> <span class='ocrx_word' id='word_1_79' title='bbox 828 1067 904 1124; x_wconf 91' lang='lat' dir='ltr'><strong>tanti</strong></span> <span class='ocrx_word' id='word_1_80' title='bbox 936 1065 1053 1142; x_wconf 95' lang='lat' dir='ltr'><strong>imperii</strong></span> 
     </span>
     <span class='ocr_line' id='line_1_11' title="bbox 29 1150 1107 1231; baseline 0 -18"><span class='ocrx_word' id='word_1_81' title='bbox 29 1152 164 1225; x_wconf 76' lang='lat' dir='ltr'><strong>¹stortura</strong></span> <span class='ocrx_word' id='word_1_82' title='bbox 186 1170 246 1212; x_wconf 92' lang='lat' dir='ltr'><strong>non</strong></span> <span class='ocrx_word' id='word_1_83' title='bbox 270 1158 397 1230; x_wconf 91' lang='lat' dir='ltr'><strong>caperet.</strong></span> <span class='ocrx_word' id='word_1_84' title='bbox 434 1168 504 1229; x_wconf 87' lang='lat' dir='ltr'><strong>ergo</strong></span> <span class='ocrx_word' id='word_1_85' title='bbox 522 1150 647 1212; x_wconf 91' lang='lat' dir='ltr'><strong>Lentulo</strong></span> <span class='ocrx_word' id='word_1_86' title='bbox 666 1152 862 1231; x_wconf 89' lang='lat' dir='ltr'><strong>Marcelloque</strong></span> <span class='ocrx_word' id='word_1_87' title='bbox 883 1152 1053 1213; x_wconf 91' lang='lat' dir='ltr'><strong>consulibus</strong></span> <span class='ocrx_word' id='word_1_88' title='bbox 1075 1164 1107 1213; x_wconf 79' lang='lat'><strong>15</strong></span> 
     </span>
     <span class='ocr_line' id='line_1_12' title="bbox 58 1240 1054 1321; baseline -0.001 -20"><span class='ocrx_word' id='word_1_89' title='bbox 58 1248 133 1321; x_wconf 83' lang='lat' dir='ltr'><strong>nupta</strong></span> <span class='ocrx_word' id='word_1_90' title='bbox 159 1242 256 1320; x_wconf 89' lang='lat' dir='ltr'><strong>primo</strong></span> <span class='ocrx_word' id='word_1_91' title='bbox 282 1242 495 1300; x_wconf 91' lang='lat' dir='ltr'><strong>coniurationis</strong></span> <span class='ocrx_word' id='word_1_92' title='bbox 518 1240 600 1300; x_wconf 85' lang='lat' dir='ltr'><strong>fides.</strong></span> <span class='ocrx_word' id='word_1_93' title='bbox 646 1242 682 1302; x_wconf 93' lang='lat' dir='ltr'><strong>de</strong></span> <span class='ocrx_word' id='word_1_94' title='bbox 707 1244 896 1302; x_wconf 89' lang='lat' dir='ltr'><strong>successione</strong></span> <span class='ocrx_word' id='word_1_95' title='bbox 920 1240 1054 1302; x_wconf 92' lang='lat' dir='ltr'><strong>Caesaris</strong></span> 
     </span>
     <span class='ocr_line' id='line_1_13' title="bbox 58 1328 1055 1410; baseline -0.003 -19"><span class='ocrx_word' id='word_1_96' title='bbox 58 1337 180 1410; x_wconf 88' lang='lat' dir='ltr'><strong>senatus,</strong></span> <span class='ocrx_word' id='word_1_97' title='bbox 207 1329 238 1389; x_wconf 96' lang='lat' dir='ltr'><strong>id</strong></span> <span class='ocrx_word' id='word_1_98' title='bbox 266 1334 313 1389; x_wconf 91' lang='lat' dir='ltr'><strong>est</strong></span> <span class='ocrx_word' id='word_1_99' title='bbox 334 1328 491 1407; x_wconf 88' lang='lat' dir='ltr'><strong>Pompeius</strong></span> <span class='ocrx_word' id='word_1_100' title='bbox 519 1328 659 1410; x_wconf 79' lang='lat' dir='ltr'><strong>agitabat,</strong></span> <span class='ocrx_word' id='word_1_101' title='bbox 687 1348 742 1390; x_wconf 92' lang='lat' dir='ltr'><strong>nec</strong></span> <span class='ocrx_word' id='word_1_102' title='bbox 769 1330 819 1390; x_wconf 92' lang='lat' dir='ltr'><strong>ille</strong></span> <span class='ocrx_word' id='word_1_103' title='bbox 842 1328 1001 1410; x_wconf 80' lang='lat' dir='ltr'><strong>abnuebat,</strong></span> <span class='ocrx_word' id='word_1_104' title='bbox 1029 1332 1055 1389; x_wconf 90' lang='lat' dir='ltr'><strong>si</strong></span> 
     </span>
     <span class='ocr_line' id='line_1_14' title="bbox 59 1417 1108 1497; baseline 0.003 -18"><span class='ocrx_word' id='word_1_105' title='bbox 59 1420 123 1479; x_wconf 88' lang='lat' dir='ltr'><strong>ratio</strong></span> <span class='ocrx_word' id='word_1_106' title='bbox 159 1420 208 1479; x_wconf 94' lang='lat' dir='ltr'><strong>sui</strong></span> <span class='ocrx_word' id='word_1_107' title='bbox 242 1419 387 1497; x_wconf 85' lang='lat' dir='ltr'><strong>proximis</strong></span> <span class='ocrx_word' id='word_1_108' title='bbox 419 1419 548 1477; x_wconf 91' lang='lat' dir='ltr'><strong>comitiis</strong></span> <span class='ocrx_word' id='word_1_109' title='bbox 580 1417 747 1479; x_wconf 92' lang='lat' dir='ltr'><strong>baberetur.</strong></span> <span class='ocrx_word' id='word_1_110' title='bbox 803 1418 973 1479; x_wconf 89' lang='lat' dir='ltr'><strong>consulatus</strong></span> <span class='ocrx_word' id='word_1_111' title='bbox 1005 1418 1055 1477; x_wconf 93' lang='lat' dir='ltr'><strong>ab·</strong></span> <span class='ocrx_word' id='word_1_112' title='bbox 1077 1433 1108 1482; x_wconf 83' lang='grc'><strong>16</strong></span> 
     </span>
     <span class='ocr_line' id='line_1_15' title="bbox 60 1506 1056 1587; baseline -0.002 -19"><span class='ocrx_word' id='word_1_113' title='bbox 60 1510 136 1587; x_wconf 86' lang='lat' dir='ltr'><strong>scuti,</strong></span> <span class='ocrx_word' id='word_1_114' title='bbox 162 1525 251 1586; x_wconf 88' lang='lat' dir='ltr'><strong>quem</strong></span> <span class='ocrx_word' id='word_1_115' title='bbox 274 1506 377 1567; x_wconf 91' lang='lat' dir='ltr'><strong>decem</strong></span> <span class='ocrx_word' id='word_1_116' title='bbox 398 1506 512 1567; x_wconf 91' lang='lat' dir='ltr'><strong>tribuni</strong></span> <span class='ocrx_word' id='word_1_117' title='bbox 535 1506 649 1566; x_wconf 83' lang='lat' dir='ltr'><strong>favente</strong></span> <span class='ocrx_word' id='word_1_118' title='bbox 673 1507 813 1586; x_wconf 92' lang='lat' dir='ltr'><strong>Pompeio</strong></span> <span class='ocrx_word' id='word_1_119' title='bbox 836 1526 932 1586; x_wconf 90' lang='lat' dir='ltr'><strong>nuper</strong></span> <span class='ocrx_word' id='word_1_120' title='bbox 955 1507 1056 1567; x_wconf 90' lang='lat' dir='ltr'><strong>decre-</strong></span> 
     </span>
     <span class='ocr_line' id='line_1_16' title="bbox 34 1595 1058 1677; baseline 0.002 -24"><span class='ocrx_word' id='word_1_121' title='bbox 34 1604 163 1677; x_wconf 81' lang='lat' dir='ltr'><strong>ureraut,</strong></span> <span class='ocrx_word' id='word_1_122' title='bbox 200 1603 264 1657; x_wconf 92' lang='lat' dir='ltr'><strong>tum</strong></span> <span class='ocrx_word' id='word_1_123' title='bbox 296 1595 500 1655; x_wconf 89' lang='lat' dir='ltr'><strong>dissimulante</strong></span> <span class='ocrx_word' id='word_1_124' title='bbox 533 1596 637 1656; x_wconf 93' lang='lat' dir='ltr'><strong>eodem</strong></span> <span class='ocrx_word' id='word_1_125' title='bbox 669 1596 844 1674; x_wconf 86' lang='lat' dir='ltr'><strong>negabatur:</strong></span> <span class='ocrx_word' id='word_1_126' title='bbox 881 1598 996 1656; x_wconf 88' lang='lat' dir='ltr'><strong>veniret</strong></span> <span class='ocrx_word' id='word_1_127' title='bbox 1028 1602 1058 1656; x_wconf 91' lang='lat' dir='ltr'><strong>et</strong></span> 
     </span>
     <span class='ocr_line' id='line_1_17' title="bbox 62 1684 1109 1765; baseline 0.002 -19"><span class='ocrx_word' id='word_1_128' title='bbox 62 1692 165 1762; x_wconf 83' lang='lat' dir='ltr'><strong>peteret</strong></span> <span class='ocrx_word' id='word_1_129' title='bbox 191 1703 275 1745; x_wconf 91' lang='lat' dir='ltr'><strong>more</strong></span> <span class='ocrx_word' id='word_1_130' title='bbox 301 1686 454 1744; x_wconf 91' lang='lat' dir='ltr'><strong>maiorum.</strong></span> <span class='ocrx_word' id='word_1_131' title='bbox 500 1684 549 1745; x_wconf 93' lang='lat' dir='ltr'><strong>ille</strong></span> <span class='ocrx_word' id='word_1_132' title='bbox 578 1693 679 1745; x_wconf 91' lang='lat' dir='ltr'><strong>contra</strong></span> <span class='ocrx_word' id='word_1_133' title='bbox 708 1685 840 1763; x_wconf 87' lang='lat' dir='ltr'><strong>flagitare</strong></span> <span class='ocrx_word' id='word_1_134' title='bbox 864 1686 996 1765; x_wconf 89' lang='lat' dir='ltr'><strong>decreta,</strong></span> <span class='ocrx_word' id='word_1_135' title='bbox 1024 1703 1057 1744; x_wconf 91' lang='lat' dir='ltr'><strong>ac</strong></span> <span class='ocrx_word' id='word_1_136' title='bbox 1078 1699 1109 1748; x_wconf 79' lang='grc'><strong>11</strong></span> 
     </span>
     <span class='ocr_line' id='line_1_18' title="bbox 62 1773 1057 1853; baseline -0.002 -19"><span class='ocrx_word' id='word_1_137' title='bbox 62 1775 111 1834; x_wconf 88' lang='lat' dir='ltr'><strong>uisi</strong></span> <span class='ocrx_word' id='word_1_138' title='bbox 140 1776 172 1834; x_wconf 90' lang='lat' dir='ltr'><strong>in</strong></span> <span class='ocrx_word' id='word_1_139' title='bbox 204 1773 262 1833; x_wconf 88' lang='lat' dir='ltr'><strong>fide</strong></span> <span class='ocrx_word' id='word_1_140' title='bbox 294 1781 515 1853; x_wconf 79' lang='lat' dir='ltr'><strong>permanerent,</strong></span> <span class='ocrx_word' id='word_1_141' title='bbox 547 1792 607 1834; x_wconf 95' lang='lat' dir='ltr'><strong>non</strong></span> <span class='ocrx_word' id='word_1_142' title='bbox 639 1793 671 1834; x_wconf 91' lang='lat' dir='ltr'><strong>se</strong></span> <span class='ocrx_word' id='word_1_143' title='bbox 704 1777 855 1835; x_wconf 90' lang='lat' dir='ltr'><strong>remittere</strong></span> <span class='ocrx_word' id='word_1_144' title='bbox 885 1776 1057 1835; x_wconf 83' lang='lat' dir='ltr'><strong>exercitum.</strong></span> 
     </span>
     <span class='ocr_line' id='line_1_19' title="bbox 64 1862 1059 1942; baseline 0.001 -21"><span class='ocrx_word' id='word_1_145' title='bbox 64 1878 122 1941; x_wconf 88' lang='lat' dir='ltr'><strong>crgo</strong></span> <span class='ocrx_word' id='word_1_146' title='bbox 144 1869 177 1923; x_wconf 92' lang='lat' dir='ltr'><strong>ut</strong></span> <span class='ocrx_word' id='word_1_147' title='bbox 200 1864 233 1923; x_wconf 92' lang='lat' dir='ltr'><strong>in</strong></span> <span class='ocrx_word' id='word_1_148' title='bbox 254 1862 371 1922; x_wconf 90' lang='lat' dir='ltr'><strong>hostem</strong></span> <span class='ocrx_word' id='word_1_149' title='bbox 394 1862 572 1923; x_wconf 87' lang='lat' dir='ltr'><strong>decernitur.</strong></span> <span class='ocrx_word' id='word_1_150' title='bbox 609 1864 656 1923; x_wconf 88' lang='lat' dir='ltr'><strong>his</strong></span> <span class='ocrx_word' id='word_1_151' title='bbox 680 1862 788 1924; x_wconf 90' lang='lat' dir='ltr'><strong>Caesar</strong></span> <span class='ocrx_word' id='word_1_152' title='bbox 810 1867 936 1942; x_wconf 89' lang='lat' dir='ltr'><strong>agitatus</strong></span> <span class='ocrx_word' id='word_1_153' title='bbox 956 1865 1059 1923; x_wconf 90' lang='lat' dir='ltr'><strong>statuit</strong></span> 
     </span>
     <span class='ocr_line' id='line_1_20' title="bbox 65 1951 659 2028; baseline 0.002 -17"><span class='ocrx_word' id='word_1_154' title='bbox 65 1954 182 2028; x_wconf 88' lang='lat' dir='ltr'><strong>praemia</strong></span> <span class='ocrx_word' id='word_1_155' title='bbox 204 1969 354 2011; x_wconf 91' lang='lat' dir='ltr'><strong>armorum</strong></span> <span class='ocrx_word' id='word_1_156' title='bbox 378 1953 468 2010; x_wconf 91' lang='lat' dir='ltr'><strong>armis</strong></span> <span class='ocrx_word' id='word_1_157' title='bbox 491 1951 659 2012; x_wconf 80' lang='lat' dir='ltr'><strong>defendere.</strong></span> 
     </span>
     <span class='ocr_line' id='line_1_21' title="bbox 117 2038 1112 2120; baseline 0.003 -20"><span class='ocrx_word' id='word_1_158' title='bbox 117 2039 215 2100; x_wconf 85' lang='lat' dir='ltr'><strong>Prima</strong></span> <span class='ocrx_word' id='word_1_159' title='bbox 234 2038 330 2099; x_wconf 83' lang='lat' dir='ltr'><strong>civilis</strong></span> <span class='ocrx_word' id='word_1_160' title='bbox 348 2038 419 2099; x_wconf 91' lang='lat' dir='ltr'><strong>belli</strong></span> <span class='ocrx_word' id='word_1_161' title='bbox 436 2039 546 2100; x_wconf 91' lang='lat' dir='ltr'><strong>harena</strong></span> <span class='ocrx_word' id='word_1_162' title='bbox 563 2039 646 2100; x_wconf 91' lang='lat' dir='ltr'><strong>ltalia</strong></span> <span class='ocrx_word' id='word_1_163' title='bbox 665 2041 730 2120; x_wconf 89' lang='lat' dir='ltr'><strong>luit,</strong></span> <span class='ocrx_word' id='word_1_164' title='bbox 749 2043 834 2101; x_wconf 86' lang='lat' dir='ltr'><strong>ouius</strong></span> <span class='ocrx_word' id='word_1_165' title='bbox 848 2060 931 2101; x_wconf 91' lang='lat' dir='ltr'><strong>arces</strong></span> <span class='ocrx_word' id='word_1_166' title='bbox 946 2039 1059 2101; x_wconf 92' lang='lat' dir='ltr'><strong>levibus</strong></span> <span class='ocrx_word' id='word_1_167' title='bbox 1083 2054 1112 2103; x_wconf 88' lang='lat' dir='ltr'><strong>t8</strong></span> 
     </span>
     <span class='ocr_line' id='line_1_22' title="bbox 67 2127 1060 2209; baseline 0 -20"><span class='ocrx_word' id='word_1_168' title='bbox 67 2129 196 2203; x_wconf 85' lang='lat' dir='ltr'><strong>praesidis</strong></span> <span class='ocrx_word' id='word_1_169' title='bbox 219 2127 378 2207; x_wconf 87' lang='lat' dir='ltr'><strong>Pompeius</strong></span> <span class='ocrx_word' id='word_1_170' title='bbox 406 2129 568 2209; x_wconf 77' lang='lat' dir='ltr'><strong>insederat3</strong></span> <span class='ocrx_word' id='word_1_171' title='bbox 596 2128 648 2188; x_wconf 93' lang='lat' dir='ltr'><strong>sed</strong></span> <span class='ocrx_word' id='word_1_172' title='bbox 676 2131 775 2188; x_wconf 92' lang='lat' dir='ltr'><strong>omnia</strong></span> <span class='ocrx_word' id='word_1_173' title='bbox 802 2128 899 2189; x_wconf 87' lang='lat' dir='ltr'><strong>subito</strong></span> <span class='ocrx_word' id='word_1_174' title='bbox 926 2127 1060 2190; x_wconf 92' lang='lat' dir='ltr'><strong>Caesaris</strong></span> 
     </span>
     <span class='ocr_line' id='line_1_23' title="bbox 68 2214 1113 2296; baseline 0.005 -20"><span class='ocrx_word' id='word_1_175' title='bbox 68 2214 164 2296; x_wconf 89' lang='lat' dir='ltr'><strong>impetu</strong></span> <span class='ocrx_word' id='word_1_176' title='bbox 191 2234 334 2296; x_wconf 91' lang='lat' dir='ltr'><strong>oppressa</strong></span> <span class='ocrx_word' id='word_1_177' title='bbox 361 2224 438 2276; x_wconf 89' lang='lat' dir='ltr'><strong>sunt.</strong></span> <span class='ocrx_word' id='word_1_178' title='bbox 484 2220 578 2295; x_wconf 94' lang='lat' dir='ltr'><strong>prima</strong></span> <span class='ocrx_word' id='word_1_179' title='bbox 606 2218 738 2276; x_wconf 87' lang='lat' dir='ltr'><strong>Arimino</strong></span> <span class='ocrx_word' id='word_1_180' title='bbox 767 2219 850 2294; x_wconf 93' lang='lat' dir='ltr'><strong>signa</strong></span> <span class='ocrx_word' id='word_1_181' title='bbox 879 2219 1059 2277; x_wconf 89' lang='lat' dir='ltr'><strong>cecinerunt.</strong></span> <span class='ocrx_word' id='word_1_182' title='bbox 1081 2233 1113 2281; x_wconf 77' lang='lat'><strong>19</strong></span> 
     </span>
    </p>
   </div>
   <div class='ocr_carea' id='block_1_3' title="bbox 124 2401 1062 2526">
    <p class='ocr_par' dir='ltr' id='par_1_3' title="bbox 124 2401 1062 2526">
     <span class='ocr_line' id='line_1_24' title="bbox 124 2401 1062 2526; baseline -0.001 -68"><span class='ocrx_word' id='word_1_183' title='bbox 124 2412 137 2458; x_wconf 91' lang='lat'>1</span> <span class='ocrx_word' id='word_1_184' title='bbox 158 2408 188 2461; x_wconf 90' lang='lat' dir='ltr'><strong>et</strong></span> <span class='ocrx_word' id='word_1_185' title='bbox 206 2405 237 2459; x_wconf 91' lang='lat' dir='ltr'><strong>in</strong></span> <span class='ocrx_word' id='word_1_186' title='bbox 254 2404 299 2458; x_wconf 89' lang='lat' dir='ltr'><strong>his</strong></span> <span class='ocrx_word' id='word_1_187' title='bbox 318 2406 346 2459; x_wconf 96' lang='grc' dir='ltr'><strong><em>Β</em></strong></span> <span class='ocrx_word' id='word_1_188' title='bbox 364 2407 393 2459; x_wconf 91' lang='lat' dir='ltr'><strong>et</strong></span> <span class='ocrx_word' id='word_1_189' title='bbox 411 2404 469 2459; x_wconf 83' lang='lat' dir='ltr'><strong>iam</strong></span> <span class='ocrx_word' id='word_1_190' title='bbox 487 2404 527 2459; x_wconf 90' lang='lat' dir='ltr'><strong>sic</strong></span> <span class='ocrx_word' id='word_1_191' title='bbox 546 2406 580 2459; x_wconf 90' lang='lat' dir='ltr'><strong><em>N</em></strong></span> <span class='ocrx_word' id='word_1_192' title='bbox 594 2403 681 2458; x_wconf 86' lang='lat' dir='ltr'><strong>etiam</strong></span> <span class='ocrx_word' id='word_1_193' title='bbox 700 2403 740 2458; x_wconf 90' lang='lat' dir='ltr'><strong>sic</strong></span> <span class='ocrx_word' id='word_1_194' title='bbox 754 2405 781 2457; x_wconf 89' lang='lat' dir='ltr'><strong><em>L</em></strong></span> <span class='ocrx_word' id='word_1_195' title='bbox 799 2422 837 2459; x_wconf 77' lang='lat' dir='ltr'><strong>nrt</strong></span> <span class='ocrx_word' id='word_1_196' title='bbox 855 2405 884 2458; x_wconf 88' lang='lat' dir='ltr'><strong>et</strong></span> <span class='ocrx_word' id='word_1_197' title='bbox 899 2402 957 2526; x_wconf 50' lang='lat' dir='ltr'><strong>gin]</strong></span> <span class='ocrx_word' id='word_1_198' title='bbox 975 2401 1039 2457; x_wconf 77' lang='lat' dir='ltr'><strong>his?</strong></span> <span class='ocrx_word' id='word_1_199' title='bbox 1054 2404 1062 2469; x_wconf 74' lang='grc' dir='ltr'>Ι</span> 
     </span>
    </p>
   </div>
   <div class='ocr_carea' id='block_1_4' title="bbox 10 2473 1069 3399">
    <p class='ocr_par' dir='ltr' id='par_1_4' title="bbox 10 2473 1069 3399">
     <span class='ocr_line' id='line_1_25' title="bbox 46 2473 1063 2545; baseline -0.002 -15"><span class='ocrx_word' id='word_1_200' title='bbox 46 2508 49 2513; x_wconf 83' lang='grc'><strong><em>·</em></strong></span> <span class='ocrx_word' id='word_1_201' title='bbox 71 2475 181 2532; x_wconf 74' lang='lat' dir='ltr'><strong>lexinde</strong></span> <span class='ocrx_word' id='word_1_202' title='bbox 191 2475 325 2544; x_wconf 81' lang='lat' dir='ltr'><strong>quoniam</strong></span> <span class='ocrx_word' id='word_1_203' title='bbox 337 2476 365 2545; x_wconf 83' lang='lat'><strong>0,</strong></span> <span class='ocrx_word' id='word_1_204' title='bbox 379 2483 409 2531; x_wconf 86' lang='lat' dir='ltr'><strong>at</strong></span> <span class='ocrx_word' id='word_1_205' title='bbox 417 2495 441 2532; x_wconf 88' lang='lat' dir='ltr'><strong>o.</strong></span> <span class='ocrx_word' id='word_1_206' title='bbox 451 2494 488 2531; x_wconf 84' lang='lat' dir='ltr'><strong>cs.</strong></span> <span class='ocrx_word' id='word_1_207' title='bbox 499 2483 532 2530; x_wconf 92' lang='lat'><strong>11</strong></span> <span class='ocrx_word' id='word_1_208' title='bbox 543 2484 569 2530; x_wconf 88' lang='lat' dir='ltr'><strong>et</strong></span> <span class='ocrx_word' id='word_1_209' title='bbox 578 2482 613 2530; x_wconf 89' lang='lat'><strong>17</strong></span> <span class='ocrx_word' id='word_1_210' title='bbox 623 2493 657 2530; x_wconf 84' lang='lat' dir='ltr'><strong>ex</strong></span> <span class='ocrx_word' id='word_1_211' title='bbox 668 2476 723 2529; x_wconf 89' lang='lat' dir='ltr'><strong>fido</strong></span> <span class='ocrx_word' id='word_1_212' title='bbox 734 2476 763 2528; x_wconf 90' lang='lat' dir='ltr'><strong>et</strong></span> <span class='ocrx_word' id='word_1_213' title='bbox 772 2475 839 2544; x_wconf 83' lang='lat' dir='ltr'><strong>quis</strong></span> <span class='ocrx_word' id='word_1_214' title='bbox 848 2477 890 2531; x_wconf 85' lang='lat' dir='ltr'><strong>ool</strong></span> <span class='ocrx_word' id='word_1_215' title='bbox 919 2473 1063 2541; x_wconf 80' lang='lat' dir='ltr'><strong>ominatio‚</strong></span> 
     </span>
     <span class='ocr_line' id='line_1_26' title="bbox 72 2545 1061 2616; baseline -0.002 -15"><span class='ocrx_word' id='word_1_216' title='bbox 72 2545 125 2609; x_wconf 81' lang='lat' dir='ltr'><strong>quia</strong></span> <span class='ocrx_word' id='word_1_217' title='bbox 140 2579 174 2588; x_wconf 90' lang='lat'><em>-</em></span> <span class='ocrx_word' id='word_1_218' title='bbox 194 2547 371 2602; x_wconf 85' lang='lat' dir='ltr'><strong>tenebantur.</strong></span> <span class='ocrx_word' id='word_1_219' title='bbox 392 2547 491 2602; x_wconf 83' lang='lat' dir='ltr'><strong>exinde</strong></span> <span class='ocrx_word' id='word_1_220' title='bbox 510 2546 623 2602; x_wconf 77' lang='lat' dir='ltr'><strong>Crassi?</strong></span> <span class='ocrx_word' id='word_1_221' title='bbox 644 2550 654 2613; x_wconf 92' lang='grc' dir='ltr'>Ι</span> <span class='ocrx_word' id='word_1_222' title='bbox 674 2554 691 2601; x_wconf 86' lang='grc'>4</span> <span class='ocrx_word' id='word_1_223' title='bbox 711 2548 806 2616; x_wconf 82' lang='lat' dir='ltr'><strong>partos</strong></span> <span class='ocrx_word' id='word_1_224' title='bbox 826 2548 853 2600; x_wconf 87' lang='lat' dir='ltr'><strong><em>L</em></strong></span> <span class='ocrx_word' id='word_1_225' title='bbox 873 2547 877 2616; x_wconf 96' lang='grc' dir='ltr'>Ι</span> <span class='ocrx_word' id='word_1_226' title='bbox 898 2548 927 2599; x_wconf 92' lang='lat' dir='ltr'><strong>et</strong></span> <span class='ocrx_word' id='word_1_227' title='bbox 944 2563 994 2601; x_wconf 84' lang='lat' dir='ltr'><strong>om.</strong></span> <span class='ocrx_word' id='word_1_228' title='bbox 1009 2547 1037 2599; x_wconf 98' lang='grc' dir='ltr'><strong><em>Β</em></strong></span> <span class='ocrx_word' id='word_1_229' title='bbox 1059 2559 1061 2589; x_wconf 66' lang='lat' dir='ltr'><strong>t</strong></span> 
     </span>
     <span class='ocr_line' id='line_1_27' title="bbox 11 2617 1064 2688; baseline 0.001 -17"><span class='ocrx_word' id='word_1_230' title='bbox 11 2666 14 2671; x_wconf 92' lang='lat'>.</span> <span class='ocrx_word' id='word_1_231' title='bbox 72 2618 177 2672; x_wconf 73' lang='lat' dir='ltr'><strong>tuebaris</strong></span> <span class='ocrx_word' id='word_1_232' title='bbox 197 2621 337 2686; x_wconf 81' lang='lat' dir='ltr'><strong>(caesam.</strong></span> <span class='ocrx_word' id='word_1_233' title='bbox 352 2626 367 2673; x_wconf 89' lang='lat'><strong><em>1</em></strong></span> <span class='ocrx_word' id='word_1_234' title='bbox 383 2617 586 2688; x_wconf 68' lang='grc' dir='ltr'>1110111οΙ11</span> <span class='ocrx_word' id='word_1_235' title='bbox 603 2620 607 2687; x_wconf 99' lang='grc' dir='ltr'>Ι</span> <span class='ocrx_word' id='word_1_236' title='bbox 626 2617 739 2687; x_wconf 86' lang='lat' dir='ltr'><strong>filioque</strong></span> <span class='ocrx_word' id='word_1_237' title='bbox 753 2619 780 2671; x_wconf 89' lang='lat' dir='ltr'><strong><em>L</em></strong></span> <span class='ocrx_word' id='word_1_238' title='bbox 797 2621 807 2685; x_wconf 93' lang='grc' dir='ltr'>Ι</span> <span class='ocrx_word' id='word_1_239' title='bbox 824 2626 840 2672; x_wconf 80' lang='grc'><strong>1</strong></span> <span class='ocrx_word' id='word_1_240' title='bbox 855 2617 966 2688; x_wconf 89' lang='lat' dir='ltr'><strong>generis</strong></span> <span class='ocrx_word' id='word_1_241' title='bbox 980 2620 1004 2687; x_wconf 81' lang='lat' dir='ltr'><strong>(s</strong></span> <span class='ocrx_word' id='word_1_242' title='bbox 1018 2636 1064 2672; x_wconf 84' lang='lat' dir='ltr'><strong>eoc-</strong></span> 
     </span>
     <span class='ocr_line' id='line_1_28' title="bbox 10 2688 1061 2761; baseline -0.002 -16"><span class='ocrx_word' id='word_1_243' title='bbox 10 2688 13 2716; x_wconf 78' lang='lat'>²</span> <span class='ocrx_word' id='word_1_244' title='bbox 70 2692 157 2749; x_wconf 74' lang='lat' dir='ltr'><strong>morit</strong></span> <span class='ocrx_word' id='word_1_245' title='bbox 174 2707 209 2745; x_wconf 83' lang='lat' dir='ltr'><strong>m.</strong></span> <span class='ocrx_word' id='word_1_246' title='bbox 225 2692 252 2758; x_wconf 87' lang='lat'><strong>1)</strong></span> <span class='ocrx_word' id='word_1_247' title='bbox 272 2689 305 2744; x_wconf 93' lang='lat' dir='ltr'><strong><em>N</em></strong></span> <span class='ocrx_word' id='word_1_248' title='bbox 322 2695 326 2752; x_wconf 88' lang='grc' dir='ltr'>Ι</span> <span class='ocrx_word' id='word_1_249' title='bbox 348 2690 490 2759; x_wconf 83' lang='lat' dir='ltr'><strong>socerique</strong></span> <span class='ocrx_word' id='word_1_250' title='bbox 509 2692 535 2759; x_wconf 90' lang='lat' dir='ltr'><strong>(o</strong></span> <span class='ocrx_word' id='word_1_251' title='bbox 554 2697 674 2745; x_wconf 85' lang='lat' dir='ltr'><strong>correcto</strong></span> <span class='ocrx_word' id='word_1_252' title='bbox 691 2708 725 2744; x_wconf 83' lang='lat' dir='ltr'><strong>ecc</strong></span> <span class='ocrx_word' id='word_1_253' title='bbox 743 2692 768 2758; x_wconf 91' lang='lat' dir='ltr'><strong>e)</strong></span> <span class='ocrx_word' id='word_1_254' title='bbox 782 2689 809 2742; x_wconf 91' lang='lat' dir='ltr'><strong><em>L</em></strong></span> <span class='ocrx_word' id='word_1_255' title='bbox 829 2689 834 2761; x_wconf 89' lang='grc' dir='ltr'>Ι</span> <span class='ocrx_word' id='word_1_256' title='bbox 852 2689 992 2758; x_wconf 89' lang='lat' dir='ltr'><strong>phoedere</strong></span> <span class='ocrx_word' id='word_1_257' title='bbox 1010 2691 1037 2743; x_wconf 93' lang='lat' dir='ltr'><em>B</em></span> <span class='ocrx_word' id='word_1_258' title='bbox 1059 2692 1061 2760; x_wconf 96' lang='grc' dir='ltr'>Ι</span> 
     </span>
     <span class='ocr_line' id='line_1_29' title="bbox 10 2752 1064 2830; baseline 0.003 -19"><span class='ocrx_word' id='word_1_259' title='bbox 10 2805 12 2811; x_wconf 80' lang='grc'>,</span> <span class='ocrx_word' id='word_1_260' title='bbox 71 2752 172 2815; x_wconf 76' lang='lat' dir='ltr'><strong>leuebat</strong></span> <span class='ocrx_word' id='word_1_261' title='bbox 197 2761 249 2830; x_wconf 82' lang='grc' dir='ltr'><strong>ΟΙΙ</strong></span> <span class='ocrx_word' id='word_1_262' title='bbox 272 2767 286 2815; x_wconf 77' lang='lat' dir='ltr'><strong>t</strong></span> <span class='ocrx_word' id='word_1_263' title='bbox 311 2762 340 2814; x_wconf 91' lang='lat' dir='ltr'><strong>et</strong></span> <span class='ocrx_word' id='word_1_264' title='bbox 363 2761 466 2815; x_wconf 82' lang='lat' dir='ltr'><strong>cesaris</strong></span> <span class='ocrx_word' id='word_1_265' title='bbox 485 2763 512 2815; x_wconf 98' lang='lat' dir='ltr'><strong><em>L</em></strong></span> <span class='ocrx_word' id='word_1_266' title='bbox 536 2765 540 2827; x_wconf 91' lang='grc' dir='ltr'>Ι</span> <span class='ocrx_word' id='word_1_267' title='bbox 564 2777 616 2814; x_wconf 89' lang='lat' dir='ltr'><strong>nec</strong></span> <span class='ocrx_word' id='word_1_268' title='bbox 640 2762 664 2830; x_wconf 86' lang='lat' dir='ltr'><strong>(c</strong></span> <span class='ocrx_word' id='word_1_269' title='bbox 687 2779 773 2830; x_wconf 81' lang='lat' dir='ltr'><strong>supra</strong></span> <span class='ocrx_word' id='word_1_270' title='bbox 794 2778 899 2815; x_wconf 75' lang='lat' dir='ltr'><strong>omrem</strong></span> <span class='ocrx_word' id='word_1_271' title='bbox 917 2779 950 2814; x_wconf 88' lang='lat' dir='ltr'><strong>m.</strong></span> <span class='ocrx_word' id='word_1_272' title='bbox 970 2763 1000 2829; x_wconf 79' lang='lat'><strong>2)</strong></span> <span class='ocrx_word' id='word_1_273' title='bbox 1018 2760 1064 2814; x_wconf 90' lang='lat' dir='ltr'><strong>hic</strong></span> 
     </span>
     <span class='ocr_line' id='line_1_30' title="bbox 10 2820 1063 2902; baseline 0.001 -18"><span class='ocrx_word' id='word_1_274' title='bbox 10 2848 13 2855; x_wconf 70' lang='lat'>¹</span> <span class='ocrx_word' id='word_1_275' title='bbox 68 2820 1063 2902; x_wconf 74' lang='lat' dir='ltr'><strong>NnechicLllsspatrelenecilleOlproom.06N²llld</strong></span> 
     </span>
     <span class='ocr_line' id='line_1_31' title="bbox 68 2901 1064 2972; baseline 0 -18"><span class='ocrx_word' id='word_1_276' title='bbox 68 2904 118 2954; x_wconf 70' lang='lat' dir='ltr'><strong>tusi</strong></span> <span class='ocrx_word' id='word_1_277' title='bbox 134 2904 155 2971; x_wconf 85' lang='grc'><strong>(1</strong></span> <span class='ocrx_word' id='word_1_278' title='bbox 175 2904 239 2958; x_wconf 81' lang='lat' dir='ltr'><strong>add.</strong></span> <span class='ocrx_word' id='word_1_279' title='bbox 254 2921 288 2958; x_wconf 83' lang='lat' dir='ltr'><strong>m.</strong></span> <span class='ocrx_word' id='word_1_280' title='bbox 304 2906 330 2972; x_wconf 84' lang='grc'><strong>1)</strong></span> <span class='ocrx_word' id='word_1_281' title='bbox 345 2904 372 2957; x_wconf 90' lang='grc' dir='ltr'>Β</span> <span class='ocrx_word' id='word_1_282' title='bbox 391 2920 445 2958; x_wconf 91' lang='lat' dir='ltr'><strong>cos.</strong></span> <span class='ocrx_word' id='word_1_283' title='bbox 461 2904 495 2957; x_wconf 99' lang='lat' dir='ltr'><strong><em>N</em></strong></span> <span class='ocrx_word' id='word_1_284' title='bbox 509 2903 622 2958; x_wconf 87' lang='lat' dir='ltr'><strong>consule</strong></span> <span class='ocrx_word' id='word_1_285' title='bbox 637 2904 663 2956; x_wconf 96' lang='lat' dir='ltr'><strong><em>L</em></strong></span> <span class='ocrx_word' id='word_1_286' title='bbox 681 2905 690 2972; x_wconf 97' lang='grc' dir='ltr'><strong>ΙΙ</strong></span> <span class='ocrx_word' id='word_1_287' title='bbox 709 2908 741 2955; x_wconf 94' lang='grc'><strong>11</strong></span> <span class='ocrx_word' id='word_1_288' title='bbox 757 2902 848 2972; x_wconf 83' lang='lat' dir='ltr'><strong>prima</strong></span> <span class='ocrx_word' id='word_1_289' title='bbox 862 2901 1064 2956; x_wconf 83' lang='lat' dir='ltr'><strong>coniurationis</strong></span> 
     </span>
     <span class='ocr_line' id='line_1_32' title="bbox 69 2962 1069 3044; baseline -0.001 -17"><span class='ocrx_word' id='word_1_290' title='bbox 69 2962 204 3034; x_wconf 68' lang='lat' dir='ltr'><strong>(meremor</strong></span> <span class='ocrx_word' id='word_1_291' title='bbox 222 2973 234 3027; x_wconf 88' lang='lat' dir='ltr'><strong>i</strong></span> <span class='ocrx_word' id='word_1_292' title='bbox 251 2977 283 3029; x_wconf 79' lang='lat' dir='ltr'><strong>c&#39;n</strong></span> <span class='ocrx_word' id='word_1_293' title='bbox 300 2992 354 3029; x_wconf 84' lang='lat' dir='ltr'><strong>ros.</strong></span> <span class='ocrx_word' id='word_1_294' title='bbox 369 2975 401 3028; x_wconf 92' lang='lat' dir='ltr'><strong><em>N</em></strong></span> <span class='ocrx_word' id='word_1_295' title='bbox 408 2976 427 3044; x_wconf 88' lang='grc' dir='ltr'><strong>1Ι</strong></span> <span class='ocrx_word' id='word_1_296' title='bbox 445 2975 512 3030; x_wconf 85' lang='lat' dir='ltr'><strong>fide:</strong></span> <span class='ocrx_word' id='word_1_297' title='bbox 531 2992 600 3029; x_wconf 81' lang='lat' dir='ltr'><strong>corr.</strong></span> <span class='ocrx_word' id='word_1_298' title='bbox 615 2975 746 3029; x_wconf 78' lang='lat' dir='ltr'><strong>Halmius</strong></span> <span class='ocrx_word' id='word_1_299' title='bbox 765 2973 864 3044; x_wconf 89' lang='lat' dir='ltr'><strong>(primo</strong></span> <span class='ocrx_word' id='word_1_300' title='bbox 883 2974 1011 3041; x_wconf 77' lang='lat' dir='ltr'><strong>Iahnius)</strong></span> <span class='ocrx_word' id='word_1_301' title='bbox 1030 2991 1069 3027; x_wconf 81' lang='lat' dir='ltr'><strong>on</strong></span> 
     </span>
     <span class='ocr_line' id='line_1_33' title="bbox 69 3043 1069 3115; baseline -0.006 -14"><span class='ocrx_word' id='word_1_302' title='bbox 69 3045 192 3114; x_wconf 66' lang='grc'>1101131)</span> <span class='ocrx_word' id='word_1_303' title='bbox 212 3051 244 3098; x_wconf 78' lang='lat'><strong>12</strong></span> <span class='ocrx_word' id='word_1_304' title='bbox 267 3044 317 3099; x_wconf 91' lang='lat' dir='ltr'><strong>ille</strong></span> <span class='ocrx_word' id='word_1_305' title='bbox 341 3048 365 3115; x_wconf 91' lang='lat' dir='ltr'><strong>(e</strong></span> <span class='ocrx_word' id='word_1_306' title='bbox 388 3048 538 3100; x_wconf 79' lang='lat' dir='ltr'><strong>incasura</strong></span> <span class='ocrx_word' id='word_1_307' title='bbox 556 3064 590 3100; x_wconf 83' lang='lat' dir='ltr'><strong>m.</strong></span> <span class='ocrx_word' id='word_1_308' title='bbox 606 3047 634 3114; x_wconf 86' lang='lat'><strong>1)</strong></span> <span class='ocrx_word' id='word_1_309' title='bbox 653 3046 687 3099; x_wconf 94' lang='lat' dir='ltr'><strong><em>N</em></strong></span> <span class='ocrx_word' id='word_1_310' title='bbox 704 3047 708 3114; x_wconf 88' lang='grc' dir='ltr'>Ι</span> <span class='ocrx_word' id='word_1_311' title='bbox 728 3045 812 3100; x_wconf 81' lang='lat' dir='ltr'><strong>iratio</strong></span> <span class='ocrx_word' id='word_1_312' title='bbox 832 3050 893 3114; x_wconf 83' lang='lat' dir='ltr'><strong>(om.</strong></span> <span class='ocrx_word' id='word_1_313' title='bbox 909 3043 943 3112; x_wconf 88' lang='grc'><strong>11)</strong></span> <span class='ocrx_word' id='word_1_314' title='bbox 963 3043 990 3096; x_wconf 93' lang='lat' dir='ltr'><strong><em>L</em></strong></span> <span class='ocrx_word' id='word_1_315' title='bbox 1008 3045 1017 3112; x_wconf 97' lang='grc' dir='ltr'>Ι</span> <span class='ocrx_word' id='word_1_316' title='bbox 1036 3048 1069 3096; x_wconf 88' lang='grc'><strong>13</strong></span> 
     </span>
     <span class='ocr_line' id='line_1_34' title="bbox 69 3115 1068 3187; baseline 0 -19"><span class='ocrx_word' id='word_1_317' title='bbox 69 3122 172 3184; x_wconf 59' lang='lat' dir='ltr'><strong>*sopra</strong></span> <span class='ocrx_word' id='word_1_318' title='bbox 192 3115 237 3169; x_wconf 90' lang='lat' dir='ltr'><strong>sui</strong></span> <span class='ocrx_word' id='word_1_319' title='bbox 254 3123 280 3171; x_wconf 86' lang='lat' dir='ltr'><strong>ct</strong></span> <span class='ocrx_word' id='word_1_320' title='bbox 297 3119 329 3171; x_wconf 79' lang='lat' dir='ltr'><strong>c&#39;rc</strong></span> <span class='ocrx_word' id='word_1_321' title='bbox 347 3119 469 3187; x_wconf 79' lang='lat' dir='ltr'><strong>rnorpc&#39;ne</strong></span> <span class='ocrx_word' id='word_1_322' title='bbox 515 3116 548 3171; x_wconf 93' lang='lat' dir='ltr'><strong><em>N</em></strong></span> <span class='ocrx_word' id='word_1_323' title='bbox 553 3116 563 3146; x_wconf 83' lang='lat'>²</span> <span class='ocrx_word' id='word_1_324' title='bbox 578 3122 582 3184; x_wconf 95' lang='grc' dir='ltr'>Ι</span> <span class='ocrx_word' id='word_1_325' title='bbox 603 3116 753 3170; x_wconf 82' lang='lat' dir='ltr'><strong>comitatus</strong></span> <span class='ocrx_word' id='word_1_326' title='bbox 768 3118 795 3170; x_wconf 95' lang='lat' dir='ltr'><strong><em>L</em></strong></span> <span class='ocrx_word' id='word_1_327' title='bbox 810 3119 815 3187; x_wconf 98' lang='grc' dir='ltr'>Ι</span> <span class='ocrx_word' id='word_1_328' title='bbox 831 3118 863 3169; x_wconf 87' lang='lat' dir='ltr'><strong>ut</strong></span> <span class='ocrx_word' id='word_1_329' title='bbox 876 3115 992 3167; x_wconf 83' lang='lat' dir='ltr'><strong>daretur</strong></span> <span class='ocrx_word' id='word_1_330' title='bbox 1006 3120 1068 3169; x_wconf 81' lang='lat' dir='ltr'><strong>ante</strong></span> 
     </span>
     <span class='ocr_line' id='line_1_35' title="bbox 68 3184 1068 3257; baseline -0.002 -17"><span class='ocrx_word' id='word_1_331' title='bbox 68 3187 218 3242; x_wconf 69' lang='lat' dir='ltr'><strong>mormacus</strong></span> <span class='ocrx_word' id='word_1_332' title='bbox 234 3189 297 3243; x_wconf 84' lang='lat' dir='ltr'><strong>add.</strong></span> <span class='ocrx_word' id='word_1_333' title='bbox 312 3189 339 3241; x_wconf 95' lang='grc' dir='ltr'><strong><em>Β</em></strong></span> <span class='ocrx_word' id='word_1_334' title='bbox 356 3190 360 3257; x_wconf 97' lang='grc' dir='ltr'>Ι</span> <span class='ocrx_word' id='word_1_335' title='bbox 375 3205 488 3256; x_wconf 66' lang='grc' dir='ltr'><strong>τεαρνα</strong></span> <span class='ocrx_word' id='word_1_336' title='bbox 502 3186 663 3241; x_wconf 77' lang='lat' dir='ltr'><strong>consulatus</strong></span> <span class='ocrx_word' id='word_1_337' title='bbox 678 3188 711 3241; x_wconf 94' lang='lat' dir='ltr'><strong><em>N</em></strong></span> <span class='ocrx_word' id='word_1_338' title='bbox 715 3190 724 3217; x_wconf 77' lang='lat'><em>²</em></span> <span class='ocrx_word' id='word_1_339' title='bbox 738 3192 747 3256; x_wconf 93' lang='grc' dir='ltr'><strong>ΙΙ</strong></span> <span class='ocrx_word' id='word_1_340' title='bbox 762 3192 796 3240; x_wconf 91' lang='grc'><strong>14</strong></span> <span class='ocrx_word' id='word_1_341' title='bbox 809 3187 900 3240; x_wconf 89' lang='lat' dir='ltr'><strong>tribus</strong></span> <span class='ocrx_word' id='word_1_342' title='bbox 918 3184 941 3239; x_wconf 81' lang='lat'><em>0</em></span> <span class='ocrx_word' id='word_1_343' title='bbox 954 3190 958 3254; x_wconf 93' lang='grc' dir='ltr'>Ι</span> <span class='ocrx_word' id='word_1_344' title='bbox 974 3185 1068 3238; x_wconf 91' lang='lat' dir='ltr'><strong>decre-</strong></span> 
     </span>
     <span class='ocr_line' id='line_1_36' title="bbox 68 3255 1067 3326; baseline -0.003 -16"><span class='ocrx_word' id='word_1_345' title='bbox 68 3257 155 3313; x_wconf 63' lang='lat' dir='ltr'><strong>temne</strong></span> <span class='ocrx_word' id='word_1_346' title='bbox 173 3274 237 3311; x_wconf 90' lang='lat' dir='ltr'><strong>eum</strong></span> <span class='ocrx_word' id='word_1_347' title='bbox 256 3259 289 3312; x_wconf 93' lang='lat' dir='ltr'><strong><em>N</em></strong></span> <span class='ocrx_word' id='word_1_348' title='bbox 303 3260 492 3313; x_wconf 84' lang='lat' dir='ltr'><strong>decreuerant.</strong></span> <span class='ocrx_word' id='word_1_349' title='bbox 521 3259 593 3312; x_wconf 87' lang='lat' dir='ltr'><strong>Tum</strong></span> <span class='ocrx_word' id='word_1_350' title='bbox 611 3259 637 3311; x_wconf 95' lang='lat' dir='ltr'><strong><em>L</em></strong></span> <span class='ocrx_word' id='word_1_351' title='bbox 655 3260 716 3311; x_wconf 93' lang='lat' dir='ltr'><strong>tum</strong></span> <span class='ocrx_word' id='word_1_352' title='bbox 734 3259 827 3313; x_wconf 80' lang='grc' dir='ltr'>011Β</span> <span class='ocrx_word' id='word_1_353' title='bbox 845 3261 853 3326; x_wconf 96' lang='grc' dir='ltr'>Ι</span> <span class='ocrx_word' id='word_1_354' title='bbox 876 3261 909 3309; x_wconf 77' lang='grc'><strong>11</strong></span> <span class='ocrx_word' id='word_1_355' title='bbox 929 3256 964 3309; x_wconf 84' lang='grc'><strong>(10</strong></span> <span class='ocrx_word' id='word_1_356' title='bbox 983 3255 1067 3308; x_wconf 91' lang='lat' dir='ltr'><strong>simu·</strong></span> 
     </span>
     <span class='ocr_line' id='line_1_37' title="bbox 10 3310 1066 3399; baseline -0.003 -17"><span class='ocrx_word' id='word_1_357' title='bbox 10 3364 14 3374; x_wconf 57' lang='grc'><strong>,</strong></span> <span class='ocrx_word' id='word_1_358' title='bbox 69 3310 134 3382; x_wconf 68' lang='lat' dir='ltr'><strong>lente</strong></span> <span class='ocrx_word' id='word_1_359' title='bbox 152 3332 184 3384; x_wconf 81' lang='lat' dir='ltr'><strong>irc</strong></span> <span class='ocrx_word' id='word_1_360' title='bbox 203 3328 398 3384; x_wconf 81' lang='lat' dir='ltr'><strong>dissimulante</strong></span> <span class='ocrx_word' id='word_1_361' title='bbox 417 3331 534 3385; x_wconf 75' lang='lat' dir='ltr'><strong>mutavit</strong></span> <span class='ocrx_word' id='word_1_362' title='bbox 552 3330 585 3383; x_wconf 93' lang='lat' dir='ltr'><strong><em>N</em></strong></span> <span class='ocrx_word' id='word_1_363' title='bbox 589 3330 597 3360; x_wconf 83' lang='lat'>¹</span> <span class='ocrx_word' id='word_1_364' title='bbox 619 3335 622 3398; x_wconf 99' lang='grc' dir='ltr'>Ι</span> <span class='ocrx_word' id='word_1_365' title='bbox 646 3329 776 3399; x_wconf 89' lang='lat' dir='ltr'><strong>pompeio</strong></span> <span class='ocrx_word' id='word_1_366' title='bbox 791 3336 855 3399; x_wconf 79' lang='lat' dir='ltr'><strong>post</strong></span> <span class='ocrx_word' id='word_1_367' title='bbox 869 3326 1066 3380; x_wconf 82' lang='lat' dir='ltr'><strong>dissimulante</strong></span> 
     </span>
    </p>
   </div>
   <div class='ocr_carea' id='block_1_5' title="bbox 10 3393 1065 3471">
    <p class='ocr_par' dir='ltr' id='par_1_5' title="bbox 10 3393 1065 3471">
     <span class='ocr_line' id='line_1_38' title="bbox 10 3393 1065 3471; baseline 0 -19"><span class='ocrx_word' id='word_1_368' title='bbox 10 3410 12 3414; x_wconf 68' lang='grc'><strong>“</strong></span> <span class='ocrx_word' id='word_1_369' title='bbox 71 3393 122 3452; x_wconf 70' lang='lat' dir='ltr'><strong>cdd,</strong></span> <span class='ocrx_word' id='word_1_370' title='bbox 136 3402 161 3454; x_wconf 96' lang='lat' dir='ltr'><strong><em>L</em></strong></span> <span class='ocrx_word' id='word_1_371' title='bbox 175 3403 184 3469; x_wconf 96' lang='grc' dir='ltr'><strong>ΙΙ</strong></span> <span class='ocrx_word' id='word_1_372' title='bbox 200 3405 232 3454; x_wconf 88' lang='grc'><strong>16</strong></span> <span class='ocrx_word' id='word_1_373' title='bbox 251 3401 388 3455; x_wconf 85' lang='lat' dir='ltr'><strong>maiorum</strong></span> <span class='ocrx_word' id='word_1_374' title='bbox 406 3418 483 3455; x_wconf 90' lang='lat' dir='ltr'><strong>more</strong></span> <span class='ocrx_word' id='word_1_375' title='bbox 502 3401 549 3471; x_wconf 80' lang='grc' dir='ltr'><strong>ΟΙΙ</strong></span> <span class='ocrx_word' id='word_1_376' title='bbox 569 3406 601 3456; x_wconf 79' lang='lat' dir='ltr'><strong>tu</strong></span> <span class='ocrx_word' id='word_1_377' title='bbox 620 3401 676 3455; x_wconf 90' lang='lat' dir='ltr'><strong>nisi</strong></span> <span class='ocrx_word' id='word_1_378' title='bbox 694 3401 762 3454; x_wconf 86' lang='lat' dir='ltr'><strong>fides</strong></span> <span class='ocrx_word' id='word_1_379' title='bbox 781 3399 958 3468; x_wconf 83' lang='lat' dir='ltr'><strong>permaneret</strong></span> <span class='ocrx_word' id='word_1_380' title='bbox 972 3399 999 3451; x_wconf 94' lang='grc' dir='ltr'><strong><em>Β</em></strong></span> <span class='ocrx_word' id='word_1_381' title='bbox 1016 3400 1020 3465; x_wconf 95' lang='grc' dir='ltr'>Ι</span> <span class='ocrx_word' id='word_1_382' title='bbox 1036 3414 1065 3452; x_wconf 84' lang='lat' dir='ltr'><strong>se</strong></span> 
     </span>
    </p>
   </div>
   <div class='ocr_carea' id='block_1_6' title="bbox 69 3474 1041 3631">
    <p class='ocr_par' dir='ltr' id='par_1_6' title="bbox 69 3474 1041 3631">
     <span class='ocr_line' id='line_1_39' title="bbox 69 3474 1041 3563; baseline -0.003 -21"><span class='ocrx_word' id='word_1_383' title='bbox 69 3488 111 3563; x_wconf 72' lang='lat' dir='ltr'><strong>dun,</strong></span> <span class='ocrx_word' id='word_1_384' title='bbox 124 3489 150 3541; x_wconf 88' lang='grc' dir='ltr'><strong><em>Β</em></strong></span> <span class='ocrx_word' id='word_1_385' title='bbox 174 3493 183 3557; x_wconf 95' lang='grc' dir='ltr'>Ι</span> <span class='ocrx_word' id='word_1_386' title='bbox 207 3474 349 3544; x_wconf 77' lang='grc'>18111101]</span> <span class='ocrx_word' id='word_1_387' title='bbox 372 3493 509 3559; x_wconf 74' lang='lat' dir='ltr'><strong>(spiritum</strong></span> <span class='ocrx_word' id='word_1_388' title='bbox 531 3492 661 3560; x_wconf 77' lang='lat' dir='ltr'><strong>imposuit</strong></span> <span class='ocrx_word' id='word_1_389' title='bbox 679 3509 713 3544; x_wconf 85' lang='lat' dir='ltr'><strong>m.</strong></span> <span class='ocrx_word' id='word_1_390' title='bbox 730 3491 756 3557; x_wconf 89' lang='grc'><strong>1)</strong></span> <span class='ocrx_word' id='word_1_391' title='bbox 775 3491 803 3543; x_wconf 90' lang='grc' dir='ltr'><strong><em>Β</em></strong></span> <span class='ocrx_word' id='word_1_392' title='bbox 826 3492 835 3557; x_wconf 95' lang='grc' dir='ltr'><strong>ΙΙ</strong></span> <span class='ocrx_word' id='word_1_393' title='bbox 857 3492 891 3541; x_wconf 75' lang='lat'><strong>20</strong></span> <span class='ocrx_word' id='word_1_394' title='bbox 911 3502 996 3540; x_wconf 81' lang='lat' dir='ltr'><strong>arene</strong></span> <span class='ocrx_word' id='word_1_395' title='bbox 1013 3488 1041 3540; x_wconf 97' lang='grc' dir='ltr'><strong><em>Β</em></strong></span> 
     </span>
     <span class='ocr_line' id='line_1_40' title="bbox 70 3557 1019 3631; baseline -0.004 -15"><span class='ocrx_word' id='word_1_396' title='bbox 70 3558 138 3613; x_wconf 59' lang='lat' dir='ltr'><strong>turus</strong></span> <span class='ocrx_word' id='word_1_397' title='bbox 156 3560 177 3630; x_wconf 88' lang='lat' dir='ltr'><strong>(i</strong></span> <span class='ocrx_word' id='word_1_398' title='bbox 195 3577 282 3631; x_wconf 76' lang='lat' dir='ltr'><strong>cupro</strong></span> <span class='ocrx_word' id='word_1_399' title='bbox 299 3578 404 3616; x_wconf 79' lang='lat' dir='ltr'><strong>versum</strong></span> <span class='ocrx_word' id='word_1_400' title='bbox 421 3579 455 3616; x_wconf 84' lang='lat' dir='ltr'><strong>m.</strong></span> <span class='ocrx_word' id='word_1_401' title='bbox 472 3562 498 3630; x_wconf 89' lang='lat'><strong>1)</strong></span> <span class='ocrx_word' id='word_1_402' title='bbox 517 3562 551 3615; x_wconf 92' lang='lat' dir='ltr'><strong><em>N</em></strong></span> <span class='ocrx_word' id='word_1_403' title='bbox 563 3566 573 3631; x_wconf 95' lang='grc' dir='ltr'>Ι</span> <span class='ocrx_word' id='word_1_404' title='bbox 594 3568 626 3615; x_wconf 79' lang='lat'><strong>21</strong></span> <span class='ocrx_word' id='word_1_405' title='bbox 646 3559 795 3631; x_wconf 82' lang='lat' dir='ltr'><strong>praesidiis</strong></span> <span class='ocrx_word' id='word_1_406' title='bbox 814 3559 873 3613; x_wconf 92' lang='lat' dir='ltr'><strong>BL</strong></span> <span class='ocrx_word' id='word_1_407' title='bbox 892 3557 1019 3628; x_wconf 86' lang='lat' dir='ltr'><strong>praesidis</strong></span> 
     </span>
    </p>
   </div>
   <div class='ocr_carea' id='block_1_7' title="bbox 0 0 1198 3922">
    <p class='ocr_par' dir='ltr' id='par_1_7' title="bbox 0 0 1198 3922">
     <span class='ocr_line' id='line_1_41' title="bbox 0 0 1198 3922; baseline 0 2"><span class='ocrx_word' id='word_1_408' title='bbox 0 0 1198 3922; x_wconf 95' lang='lat' dir='ltr'><strong> </strong></span> 
     </span>
    </p>
   </div>
  </div>
 </body>
</html>
