2386 3922
348 139 548 192 PRAEFATIO
566 140 738 193 EDITORIS
959 139 1049 193 XXIX

32 326 122 370 orum
144 306 245 385 gentis
267 306 444 366 recordatus
466 305 645 384 Hieronymi
672 307 830 386 chronica,
867 308 1050 385 quibuscum

32 399 167 475 primum
197 395 389 455 enuntiatum
416 399 537 472 praeter
564 398 740 472 corruptum
767 397 838 455 anni
860 398 943 456 IIII
961 400 1051 473 olym·

27 488 135 562 piodis
164 483 269 543 ccxl
296 502 457 543 numerum
485 503 649 561 congruere
681 485 742 544 iam
771 484 935 545 Salmasius
962 486 1050 564 vidit,

33 577 85 636 vel
117 593 224 634 eorum
254 574 388 632 auctoris
424 572 560 633 Suetonii
595 574 734 632 libellum
771 574 807 633 de
844 575 897 635 vir.
930 576 1050 635 inlustr.

36 655 81 746 (p.
101 666 142 724 97
168 662 213 722 ed.
232 653 461 740 Reifferscheid)
485 662 654 740 evolvisset,
677 663 753 722 duos
777 662 886 723 Lucios
909 663 1051 724 Annaeos

35 751 167 828 invenit,
198 769 328 828 quorum
356 750 483 810 alterius
506 750 606 809 utrius
628 752 741 810 librum
764 769 829 810 esse
850 771 1053 829 praepropere

36 839 215 902 coniciebat.
250 859 364 898 memor
386 843 489 900 tamen
511 839 558 898 his
581 840 665 898 Flori
686 859 852 918 cognomen
874 860 934 899 non
957 841 1053 900 fuisse

35 932 103 1008 ipse
130 929 232 988 minus
260 932 374 988 certam
402 928 604 988 coniecturam
633 947 718 987 suam
746 947 811 988 esse
835 929 986 989 intellexit
1008 962 1052 971 -

32 1022 82 1080 ita
110 1018 193 1077 enim
219 1016 312 1078 verba
339 1017 404 1076 eius
431 1017 574 1077 videntur
601 1017 827 1094 interpretanda
853 1050 891 1059 -
917 1021 948 1078 et
978 1019 1052 1077 satis

34 1108 149 1169 habuit
171 1107 348 1183 scriptorem
372 1105 496 1165 summis
519 1106 661 1165 laudibus
685 1107 797 1166 efferre.
844 1126 921 1184 quae
946 1107 1052 1166 laudes

34 1195 259 1258 tumidissimae
283 1194 412 1254 rhetoris
434 1195 484 1254 vel
507 1195 697 1273 grammatici
715 1196 844 1256 alicuius
862 1197 946 1255 haud
962 1197 1054 1255 dubie

33 1289 121 1364 sunt,
149 1304 209 1344 non
231 1284 362 1344 hominis
385 1283 556 1343 Christiani.
602 1302 672 1342 nam
695 1285 838 1344 ecclesiae
861 1289 964 1362 patres
987 1304 1054 1344 eam

34 1377 190 1436 rationem
213 1391 273 1450 qua
290 1373 399 1432 Florus
421 1373 579 1432 historiam
601 1374 736 1433 narravit
757 1374 848 1434 valde
869 1373 1053 1451 improbasse

35 1467 148 1524 notum
166 1456 253 1539 esr1).
289 1464 448 1538 praeterea
467 1461 564 1522 editor
582 1460 771 1522 Christianus
788 1464 840 1522 vix
858 1463 1055 1522 abstinuisset

36 1554 78 1613 ab
98 1552 296 1611 Annaeorum
313 1550 454 1609 laudibus
474 1552 505 1610 et
523 1552 805 1611 commemoratione
823 1552 974 1611 amicitiae
994 1570 1055 1629 qua

37 1642 159 1703 Paulus
186 1639 343 1717 apostolus
371 1643 402 1699 et
429 1640 571 1699 Annaeus
595 1639 708 1699 Seneca
736 1641 888 1700 coniuncti
917 1641 1056 1719 fuissent,

39 1733 123 1792 sicut
150 1729 176 1788 is
204 1729 279 1788 fecit
306 1728 359 1804 qui
382 1728 512 1787 Senecae
540 1729 712 1806 philosophi
734 1730 936 1807 epistularum
957 1750 1056 1790 mora-

39 1821 118 1879 lium
141 1821 174 1877 et
194 1818 386 1895 dialogorum
409 1817 579 1894 archetypis
597 1817 687 1877 Pauli
709 1822 740 1878 et
759 1819 888 1879 Senecae
908 1819 1056 1896 epistulas

10 1926 13 1959 ÷
41 1908 169 1969 ficticias
201 1910 232 1966 et
262 1906 354 1965 huius
383 1907 479 1966 vitam
507 1925 543 1966 ex
570 1907 747 1984 Hieronymi
774 1909 847 1968 viris
874 1909 1056 1968 inlustribus

42 1998 173 2075 petitam
195 1994 359 2072 praemisit.

108 2086 177 2144 Iam
202 2103 274 2144 vero
305 2084 462 2144 redeamus
486 2084 524 2143 ad
548 2086 682 2161 capitum
703 2085 923 2163 inscriptiones.
968 2087 1057 2147 facile

46 2176 124 2234 enim
147 2193 184 2233 ex
206 2173 244 2232 iis
266 2173 464 2252 intellegitur,
488 2193 548 2251 qua
566 2175 603 2232 de
621 2193 653 2233 re
672 2174 771 2233 adhuc
789 2175 827 2234 lis
846 2179 900 2253 est,
924 2176 1056 2235 codicem

45 2264 68 2321 B
97 2262 227 2323 alterius
255 2263 436 2322 recensionis
463 2262 549 2321 libris
577 2265 608 2321 et
630 2265 784 2338 praestare
808 2268 839 2320 et
861 2264 1057 2340 integriorem

44 2371 124 2429 esse,
151 2370 222 2411 cum
249 2351 346 2410 multo
375 2351 524 2428 pleniores
548 2354 579 2409 et
602 2350 819 2410 emendatiores
841 2351 971 2411 traditae
995 2353 1059 2410 sint

45 2460 138 2518 quam
159 2441 192 2499 in
215 2439 284 2499 illis.
323 2441 424 2499 omisit
447 2444 550 2499 autem
573 2438 595 2498 O
618 2458 678 2498 non
701 2440 801 2499 solum
822 2439 969 2516 plurimas
992 2431 1056 2520 (11

44 2548 64 2588 a
86 2530 213 2589 Ronmtc
240 2533 370 2601 tempora
395 2547 496 2602 rcqwm
518 2533 624 2602 septem
581 2528 692 2597 cm,II
716 2531 800 2588 22-
806 2531 847 2589 34
872 2529 976 2587 bellum
998 2528 1060 2588 Nc-

43 2620 151 2686 ricem,
185 2618 209 2678 b.
233 2617 401 2691 illyricum,
435 2619 459 2676 b.
482 2574 697 2687 Paccomcbm,
737 2620 762 2677 b.
785 2619 999 2687 Dalmaticum,
1033 2620 1059 2677 b.

43 2707 216 2774 Moesicmm,
249 2706 274 2764 b.
300 2706 482 2776 Thracicum,
515 2709 540 2766 b.
564 2707 715 2776 Dacicum,
749 2709 774 2767 b.
797 2708 1001 2776 Sarmaticum,
1033 2710 1059 2767 b.

120 2948 146 3014 1)
165 2946 202 2999 ad
220 2944 296 2999 Flori
315 2946 403 2999 verba
422 2946 456 2999 de
475 2945 550 3000 hello
568 2882 674 3001 Pdnico
694 2947 816 3000 secundo
834 2948 847 3000 I
866 2953 938 3016 221
963 2948 1060 3015 Augu-

45 3017 139 3072 stinus
163 3017 198 3070 de
223 3016 274 3071 civ.
295 3016 342 3070 dei
359 3017 399 3070 ΠΙ
418 3022 451 3071 19
475 3019 572 3087 aperte
596 3017 724 3071 alludens
748 3017 837 3073 dixit:
870 3051 903 3059 -
921 3050 957 3058 —
977 3049 1009 3056 -
1028 3024 1062 3071 ut

43 3091 90 3146 bie
109 3105 213 3158 quoquc
235 3089 279 3155 fut
268 3090 386 3142 tectibus
404 3090 452 3158 qm'
469 3107 526 3144 mm
545 3097 602 3144 tom
618 3107 734 3145 comare
753 3092 823 3145 bellu
836 3090 966 3145 Romarm
979 3105 1062 3158 quam

44 3161 206 3216 Romamn
231 3161 378 3228 imperium
405 3161 553 3214 tamdorc'
542 3168 609 3215 msto
598 3163 720 3215 c'ttmcrmc
709 3163 858 3216 trimilior
883 3163 952 3215 moto
975 3161 1062 3227 fucrit

46 3233 103 3370 bldee
113 3233 162 3353 zoi
178 3232 252 3311 vicit.
283 3229 413 3284 Orosium
427 3230 486 3284 ad
478 3248 554 3300 ipsos
567 3234 757 3286 historicorum
770 3240 833 3303 gcmt
822 3234 913 3287 tilium
926 3230 1062 3285 maxime·

144 3301 198 3356 lori
217 3300 332 3369 eiusque
357 3304 503 3355 auctorum
526 3318 631 3356 errores
655 3301 823 3357 refellendos
842 3302 975 3356 historias
995 3319 1060 3356 suas

48 3372 239 3441 composuisse
262 3372 408 3442 inscriptio
433 3389 529 3426 earum
556 3376 586 3428 et
609 3373 724 3441 quaevis
748 3373 854 3443 pagina
877 3374 1059 3428 demonstrat

47 3443 250 3512 Hieronymum
269 3443 391 3513 denique
410 3443 534 3513 epitoma
552 3462 634 3498 usum
653 3461 713 3498 esse
731 3444 909 3499 Woelfflinus
927 3444 1061 3516 probavit

47 3514 179 3584 (Archiv
197 3515 216 3570 f
235 3515 395 3585 Lexikogr’
416 3515 454 3570 VI
474 3516 567 3588 [1889]
586 3535 613 3585 p
628 3518 663 3585 3).
