<?xml version="1.0" encoding="UTF-8"?>
<!DOCTYPE html PUBLIC "-//W3C//DTD XHTML 1.0 Transitional//EN"
    "http://www.w3.org/TR/xhtml1/DTD/xhtml1-transitional.dtd">
<html xmlns="http://www.w3.org/1999/xhtml" xml:lang="en" lang="en">
 <head>
  <title>
</title>
<meta http-equiv="Content-Type" content="text/html;charset=utf-8" />
  <meta name='ocr-system' content='tesseract 3.04.00' />
  <meta name='ocr-capabilities' content='ocr_page ocr_carea ocr_par ocr_line ocrx_word'/>
</head>
<body>
  <div class='ocr_page' id='page_1' title='image "./lannaeifloriepi01florgoog_0015.png"; bbox 0 0 2386 3922; ppageno 0'>
   <div class='ocr_carea' id='block_1_1' title="bbox 126 175 827 229">
    <p class='ocr_par' dir='ltr' id='par_1_1' title="bbox 126 175 827 229">
     <span class='ocr_line' id='line_1_1' title="bbox 126 175 827 229; baseline 0 -1"><span class='ocrx_word' id='word_1_1' title='bbox 126 175 153 228; x_wconf 88' lang='lat' dir='ltr'><strong>X</strong></span> <span class='ocrx_word' id='word_1_2' title='bbox 436 178 637 229; x_wconf 78' lang='lat' dir='ltr'>PRAEFATIO</span> <span class='ocrx_word' id='word_1_3' title='bbox 656 178 827 229; x_wconf 85' lang='lat' dir='ltr'>EDITORIS</span> 
     </span>
    </p>
   </div>
   <div class='ocr_carea' id='block_1_2' title="bbox 7 343 1144 3177">
    <p class='ocr_par' dir='ltr' id='par_1_2' title="bbox 126 343 1144 1755">
     <span class='ocr_line' id='line_1_2' title="bbox 129 343 1142 420; baseline 0.001 -18"><span class='ocrx_word' id='word_1_4' title='bbox 129 347 161 403; x_wconf 89' lang='grc'><strong>11</strong></span> <span class='ocrx_word' id='word_1_5' title='bbox 183 345 303 403; x_wconf 88' lang='lat' dir='ltr'><strong>saeculo</strong></span> <span class='ocrx_word' id='word_1_6' title='bbox 328 344 442 404; x_wconf 90' lang='lat' dir='ltr'><strong>decimo</strong></span> <span class='ocrx_word' id='word_1_7' title='bbox 466 344 595 403; x_wconf 89' lang='lat' dir='ltr'><strong>secundo</strong></span> <span class='ocrx_word' id='word_1_8' title='bbox 619 347 674 404; x_wconf 90' lang='lat' dir='ltr'><strong>aut</strong></span> <span class='ocrx_word' id='word_1_9' title='bbox 697 344 788 403; x_wconf 85' lang='lat' dir='ltr'><strong>tertio</strong></span> <span class='ocrx_word' id='word_1_10' title='bbox 811 346 867 403; x_wconf 85' lang='lat' dir='ltr'><strong>aut</strong></span> <span class='ocrx_word' id='word_1_11' title='bbox 889 343 1003 402; x_wconf 87' lang='lat' dir='ltr'><strong>decimo</strong></span> <span class='ocrx_word' id='word_1_12' title='bbox 1033 347 1142 420; x_wconf 88' lang='lat' dir='ltr'><strong>quarto</strong></span> 
     </span>
     <span class='ocr_line' id='line_1_3' title="bbox 128 431 1143 510; baseline 0.001 -20"><span class='ocrx_word' id='word_1_13' title='bbox 128 433 252 491; x_wconf 88' lang='lat' dir='ltr'><strong>ineunte</strong></span> <span class='ocrx_word' id='word_1_14' title='bbox 286 433 399 509; x_wconf 87' lang='lat' dir='ltr'><strong>script&#39;.</strong></span> <span class='ocrx_word' id='word_1_15' title='bbox 449 433 481 491; x_wconf 90' lang='lat' dir='ltr'><strong>hi</strong></span> <span class='ocrx_word' id='word_1_16' title='bbox 512 433 663 493; x_wconf 89' lang='lat' dir='ltr'><strong>immerito</strong></span> <span class='ocrx_word' id='word_1_17' title='bbox 699 453 717 492; x_wconf 90' lang='grc'><strong>1</strong></span> <span class='ocrx_word' id='word_1_18' title='bbox 749 432 908 510; x_wconf 88' lang='lat' dir='ltr'><strong>permultis</strong></span> <span class='ocrx_word' id='word_1_19' title='bbox 940 431 1013 491; x_wconf 83' lang='lat' dir='ltr'><strong>viris</strong></span> <span class='ocrx_word' id='word_1_20' title='bbox 1046 432 1143 492; x_wconf 88' lang='lat' dir='ltr'><strong>doctis</strong></span> 
     </span>
     <span class='ocr_line' id='line_1_4' title="bbox 129 521 1144 597; baseline 0 -17"><span class='ocrx_word' id='word_1_21' title='bbox 129 540 199 581; x_wconf 89' lang='lat' dir='ltr'><strong>cum</strong></span> <span class='ocrx_word' id='word_1_22' title='bbox 224 522 439 582; x_wconf 71' lang='lat' dir='ltr'><strong>recentissimis</strong></span> <span class='ocrx_word' id='word_1_23' title='bbox 461 523 524 580; x_wconf 90' lang='grc'><strong>11111</strong></span> <span class='ocrx_word' id='word_1_24' title='bbox 551 522 778 582; x_wconf 88' lang='lat' dir='ltr'><strong>confunduntur</strong></span> <span class='ocrx_word' id='word_1_25' title='bbox 807 524 838 582; x_wconf 90' lang='lat' dir='ltr'><strong>et</strong></span> <span class='ocrx_word' id='word_1_26' title='bbox 860 521 910 582; x_wconf 81' lang='lat' dir='ltr'><strong>vix</strong></span> <span class='ocrx_word' id='word_1_27' title='bbox 932 521 1144 597; x_wconf 88' lang='lat' dir='ltr'><strong>inspiciuntur.</strong></span> 
     </span>
     <span class='ocr_line' id='line_1_5' title="bbox 129 610 1143 687; baseline -0.002 -17"><span class='ocrx_word' id='word_1_28' title='bbox 129 611 217 687; x_wconf 89' lang='lat' dir='ltr'><strong>siqua</strong></span> <span class='ocrx_word' id='word_1_29' title='bbox 244 613 348 671; x_wconf 89' lang='lat' dir='ltr'><strong>autem</strong></span> <span class='ocrx_word' id='word_1_30' title='bbox 375 630 479 670; x_wconf 89' lang='lat' dir='ltr'><strong>eorum</strong></span> <span class='ocrx_word' id='word_1_31' title='bbox 507 611 658 687; x_wconf 86' lang='lat' dir='ltr'><strong>scriptura</strong></span> <span class='ocrx_word' id='word_1_32' title='bbox 689 611 828 670; x_wconf 80' lang='lat' dir='ltr'>alicunde</span> <span class='ocrx_word' id='word_1_33' title='bbox 861 610 1013 687; x_wconf 84' lang='lat' dir='ltr'><strong>innotuit,</strong></span> <span class='ocrx_word' id='word_1_34' title='bbox 1051 630 1143 686; x_wconf 90' lang='lat' dir='ltr'><strong>quam</strong></span> 
     </span>
     <span class='ocr_line' id='line_1_6' title="bbox 128 699 1144 777; baseline -0.001 -19"><span class='ocrx_word' id='word_1_35' title='bbox 128 700 215 758; x_wconf 92' lang='lat' dir='ltr'><strong>unice</strong></span> <span class='ocrx_word' id='word_1_36' title='bbox 247 717 350 760; x_wconf 85' lang='lat' dir='ltr'><strong>veram</strong></span> <span class='ocrx_word' id='word_1_37' title='bbox 383 719 447 759; x_wconf 90' lang='lat' dir='ltr'><strong>esse</strong></span> <span class='ocrx_word' id='word_1_38' title='bbox 474 700 524 759; x_wconf 84' lang='lat' dir='ltr'><strong>vel</strong></span> <span class='ocrx_word' id='word_1_39' title='bbox 550 699 641 761; x_wconf 83' lang='lat' dir='ltr'><strong>inviti</strong></span> <span class='ocrx_word' id='word_1_40' title='bbox 673 699 834 759; x_wconf 76' lang='lat' dir='ltr'><strong>consedere</strong></span> <span class='ocrx_word' id='word_1_41' title='bbox 867 702 1033 777; x_wconf 79' lang='lat' dir='ltr'><strong>oogrmtur,</strong></span> <span class='ocrx_word' id='word_1_42' title='bbox 1070 701 1144 758; x_wconf 83' lang='lat' dir='ltr'><strong>felix</strong></span> 
     </span>
     <span class='ocr_line' id='line_1_7' title="bbox 128 788 1143 848; baseline 0.001 -2"><span class='ocrx_word' id='word_1_43' title='bbox 128 788 246 847; x_wconf 90' lang='lat' dir='ltr'><strong>librarii</strong></span> <span class='ocrx_word' id='word_1_44' title='bbox 282 789 411 847; x_wconf 88' lang='lat' dir='ltr'><strong>alicuius</strong></span> <span class='ocrx_word' id='word_1_45' title='bbox 445 789 618 848; x_wconf 88' lang='lat' dir='ltr'><strong>coniectura</strong></span> <span class='ocrx_word' id='word_1_46' title='bbox 650 788 762 848; x_wconf 88' lang='lat' dir='ltr'><strong>dicitur</strong></span> <span class='ocrx_word' id='word_1_47' title='bbox 794 791 848 848; x_wconf 88' lang='lat' dir='ltr'><strong>aut</strong></span> <span class='ocrx_word' id='word_1_48' title='bbox 880 788 1004 847; x_wconf 89' lang='lat' dir='ltr'><strong>abbates</strong></span> <span class='ocrx_word' id='word_1_49' title='bbox 1041 790 1143 847; x_wconf 84' lang='lat' dir='ltr'><strong>nascio</strong></span> 
     </span>
     <span class='ocr_line' id='line_1_8' title="bbox 129 869 1143 958; baseline 0.001 -23"><span class='ocrx_word' id='word_1_50' title='bbox 129 878 182 954; x_wconf 88' lang='lat' dir='ltr'><strong>qui</strong></span> <span class='ocrx_word' id='word_1_51' title='bbox 199 877 293 937; x_wconf 89' lang='lat' dir='ltr'><strong>mirae</strong></span> <span class='ocrx_word' id='word_1_52' title='bbox 312 877 488 955; x_wconf 80' lang='lat' dir='ltr'><strong>sagacitatis</strong></span> <span class='ocrx_word' id='word_1_53' title='bbox 511 877 669 955; x_wconf 84' lang='lat' dir='ltr'><strong>finguntur</strong></span> <span class='ocrx_word' id='word_1_54' title='bbox 691 878 744 953; x_wconf 90' lang='lat' dir='ltr'><strong>qui</strong></span> <span class='ocrx_word' id='word_1_55' title='bbox 766 877 842 937; x_wconf 89' lang='lat' dir='ltr'><strong>talia</strong></span> <span class='ocrx_word' id='word_1_56' title='bbox 861 877 1099 954; x_wconf 85' lang='lat' dir='ltr'><strong>excogitaverint</strong></span> <span class='ocrx_word' id='word_1_57' title='bbox 1107 869 1143 958; x_wconf 77' lang='lat'><strong>1).</strong></span> 
     </span>
     <span class='ocr_line' id='line_1_9' title="bbox 129 966 1144 1043; baseline 0 -19"><span class='ocrx_word' id='word_1_58' title='bbox 129 967 215 1043; x_wconf 86' lang='lat' dir='ltr'><strong>quasi</strong></span> <span class='ocrx_word' id='word_1_59' title='bbox 238 985 309 1026; x_wconf 83' lang='lat' dir='ltr'><strong>vero</strong></span> <span class='ocrx_word' id='word_1_60' title='bbox 333 966 425 1025; x_wconf 92' lang='lat' dir='ltr'><strong>iidem</strong></span> <span class='ocrx_word' id='word_1_61' title='bbox 442 967 656 1026; x_wconf 87' lang='lat' dir='ltr'><strong>homunciones</strong></span> <span class='ocrx_word' id='word_1_62' title='bbox 681 984 756 1043; x_wconf 90' lang='lat' dir='ltr'><strong>quos</strong></span> <span class='ocrx_word' id='word_1_63' title='bbox 779 966 810 1024; x_wconf 92' lang='lat' dir='ltr'><strong>in</strong></span> <span class='ocrx_word' id='word_1_64' title='bbox 833 966 919 1024; x_wconf 91' lang='lat' dir='ltr'><strong>nulla</strong></span> <span class='ocrx_word' id='word_1_65' title='bbox 942 966 1060 1024; x_wconf 91' lang='lat' dir='ltr'><strong>salebra</strong></span> <span class='ocrx_word' id='word_1_66' title='bbox 1078 970 1144 1025; x_wconf 93' lang='lat' dir='ltr'><strong>tur·</strong></span> 
     </span>
     <span class='ocr_line' id='line_1_10' title="bbox 127 1054 1143 1132; baseline 0 -19"><span class='ocrx_word' id='word_1_67' title='bbox 127 1055 250 1132; x_wconf 89' lang='lat' dir='ltr'><strong>pissime</strong></span> <span class='ocrx_word' id='word_1_68' title='bbox 277 1055 447 1115; x_wconf 76' lang='lat' dir='ltr'><strong>titubantes</strong></span> <span class='ocrx_word' id='word_1_69' title='bbox 476 1059 507 1114; x_wconf 89' lang='lat' dir='ltr'><strong>et</strong></span> <span class='ocrx_word' id='word_1_70' title='bbox 533 1054 671 1114; x_wconf 90' lang='lat' dir='ltr'><strong>labantes</strong></span> <span class='ocrx_word' id='word_1_71' title='bbox 698 1074 759 1113; x_wconf 88' lang='lat' dir='ltr'><strong>nou</strong></span> <span class='ocrx_word' id='word_1_72' title='bbox 786 1054 937 1131; x_wconf 75' lang='lat' dir='ltr'><strong>videmus,</strong></span> <span class='ocrx_word' id='word_1_73' title='bbox 971 1055 1039 1113; x_wconf 89' lang='lat' dir='ltr'><strong>aliis</strong></span> <span class='ocrx_word' id='word_1_74' title='bbox 1068 1055 1143 1114; x_wconf 91' lang='lat' dir='ltr'><strong>locis</strong></span> 
     </span>
     <span class='ocr_line' id='line_1_11' title="bbox 127 1142 1142 1222; baseline 0 -20"><span class='ocrx_word' id='word_1_75' title='bbox 127 1143 304 1222; x_wconf 82' lang='lat' dir='ltr'><strong>gravissime</strong></span> <span class='ocrx_word' id='word_1_76' title='bbox 333 1144 483 1220; x_wconf 85' lang='lat' dir='ltr'><strong>corruptis</strong></span> <span class='ocrx_word' id='word_1_77' title='bbox 508 1143 678 1221; x_wconf 85' lang='lat' dir='ltr'><strong>Scaligeros</strong></span> <span class='ocrx_word' id='word_1_78' title='bbox 700 1143 856 1203; x_wconf 88' lang='lat' dir='ltr'><strong>Bentleios</strong></span> <span class='ocrx_word' id='word_1_79' title='bbox 879 1142 1068 1202; x_wconf 86' lang='lat' dir='ltr'><strong>Hermannos</strong></span> <span class='ocrx_word' id='word_1_80' title='bbox 1093 1162 1142 1202; x_wconf 93' lang='lat' dir='ltr'><strong>su-</strong></span> 
     </span>
     <span class='ocr_line' id='line_1_12' title="bbox 126 1231 1143 1311; baseline -0.001 -20"><span class='ocrx_word' id='word_1_81' title='bbox 126 1233 300 1310; x_wconf 89' lang='lat' dir='ltr'><strong>peraverint</strong></span> <span class='ocrx_word' id='word_1_82' title='bbox 327 1233 474 1292; x_wconf 89' lang='lat' dir='ltr'><strong>acumine.</strong></span> <span class='ocrx_word' id='word_1_83' title='bbox 524 1233 615 1292; x_wconf 90' lang='lat' dir='ltr'><strong>huius</strong></span> <span class='ocrx_word' id='word_1_84' title='bbox 647 1233 743 1311; x_wconf 82' lang='lat' dir='ltr'><strong>igitur</strong></span> <span class='ocrx_word' id='word_1_85' title='bbox 775 1231 893 1310; x_wconf 86' lang='lat' dir='ltr'><strong>generis</strong></span> <span class='ocrx_word' id='word_1_86' title='bbox 926 1231 1042 1291; x_wconf 87' lang='lat' dir='ltr'><strong>codices</strong></span> <span class='ocrx_word' id='word_1_87' title='bbox 1075 1233 1143 1291; x_wconf 91' lang='grc'><strong>1111-</strong></span> 
     </span>
     <span class='ocr_line' id='line_1_13' title="bbox 127 1321 1144 1399; baseline -0.001 -19"><span class='ocrx_word' id='word_1_88' title='bbox 127 1322 249 1399; x_wconf 82' lang='lat' dir='ltr'><strong>gentius</strong></span> <span class='ocrx_word' id='word_1_89' title='bbox 287 1341 378 1398; x_wconf 88' lang='lat' dir='ltr'><strong>quam</strong></span> <span class='ocrx_word' id='word_1_90' title='bbox 410 1341 429 1381; x_wconf 96' lang='grc'><strong>1</strong></span> <span class='ocrx_word' id='word_1_91' title='bbox 459 1322 613 1398; x_wconf 88' lang='lat' dir='ltr'><strong>plerisque</strong></span> <span class='ocrx_word' id='word_1_92' title='bbox 650 1321 685 1380; x_wconf 90' lang='lat' dir='ltr'><strong>fit</strong></span> <span class='ocrx_word' id='word_1_93' title='bbox 723 1321 913 1380; x_wconf 88' lang='lat' dir='ltr'><strong>examinandi</strong></span> <span class='ocrx_word' id='word_1_94' title='bbox 945 1325 1017 1380; x_wconf 89' lang='lat' dir='ltr'><strong>sunt</strong></span> <span class='ocrx_word' id='word_1_95' title='bbox 1051 1324 1082 1380; x_wconf 89' lang='lat' dir='ltr'><strong>et</strong></span> <span class='ocrx_word' id='word_1_96' title='bbox 1118 1322 1144 1380; x_wconf 91' lang='lat' dir='ltr'><strong>si</strong></span> 
     </span>
     <span class='ocr_line' id='line_1_14' title="bbox 128 1410 1142 1487; baseline -0.001 -18"><span class='ocrx_word' id='word_1_97' title='bbox 128 1411 294 1487; x_wconf 86' lang='lat' dir='ltr'><strong>scripturas</strong></span> <span class='ocrx_word' id='word_1_98' title='bbox 323 1411 477 1470; x_wconf 90' lang='lat' dir='ltr'><strong>continent</strong></span> <span class='ocrx_word' id='word_1_99' title='bbox 503 1412 535 1469; x_wconf 91' lang='lat' dir='ltr'><strong>in</strong></span> <span class='ocrx_word' id='word_1_100' title='bbox 562 1410 781 1471; x_wconf 83' lang='lat' dir='ltr'><strong>vetustioribus</strong></span> <span class='ocrx_word' id='word_1_101' title='bbox 809 1429 869 1469; x_wconf 92' lang='lat' dir='ltr'><strong>uon</strong></span> <span class='ocrx_word' id='word_1_102' title='bbox 897 1411 1026 1469; x_wconf 91' lang='lat' dir='ltr'><strong>traditas</strong></span> <span class='ocrx_word' id='word_1_103' title='bbox 1051 1411 1142 1469; x_wconf 93' lang='lat' dir='ltr'><strong>etde</strong></span> 
     </span>
     <span class='ocr_line' id='line_1_15' title="bbox 126 1499 1144 1577; baseline 0.001 -20"><span class='ocrx_word' id='word_1_104' title='bbox 126 1499 233 1559; x_wconf 79' lang='lat' dir='ltr'><strong>fraude</strong></span> <span class='ocrx_word' id='word_1_105' title='bbox 265 1518 326 1558; x_wconf 92' lang='lat' dir='ltr'><strong>non</strong></span> <span class='ocrx_word' id='word_1_106' title='bbox 353 1502 527 1577; x_wconf 79' lang='lat' dir='ltr'><strong>suspectas,</strong></span> <span class='ocrx_word' id='word_1_107' title='bbox 559 1500 604 1558; x_wconf 88' lang='lat' dir='ltr'><strong>ita</strong></span> <span class='ocrx_word' id='word_1_108' title='bbox 630 1499 662 1558; x_wconf 91' lang='lat' dir='ltr'><strong>in</strong></span> <span class='ocrx_word' id='word_1_109' title='bbox 690 1499 838 1558; x_wconf 87' lang='lat' dir='ltr'><strong>auxilium</strong></span> <span class='ocrx_word' id='word_1_110' title='bbox 865 1499 993 1559; x_wconf 87' lang='lat' dir='ltr'><strong>vocandi</strong></span> <span class='ocrx_word' id='word_1_111' title='bbox 1019 1502 1056 1558; x_wconf 92' lang='lat' dir='ltr'><strong>ut</strong></span> <span class='ocrx_word' id='word_1_112' title='bbox 1083 1519 1144 1558; x_wconf 93' lang='lat' dir='ltr'><strong>non</strong></span> 
     </span>
     <span class='ocr_line' id='line_1_16' title="bbox 127 1587 1142 1665; baseline -0.001 -18"><span class='ocrx_word' id='word_1_113' title='bbox 127 1606 230 1648; x_wconf 89' lang='lat' dir='ltr'><strong>omnes</strong></span> <span class='ocrx_word' id='word_1_114' title='bbox 257 1607 362 1647; x_wconf 88' lang='lat' dir='ltr'><strong>eorum</strong></span> <span class='ocrx_word' id='word_1_115' title='bbox 393 1588 613 1664; x_wconf 79' lang='lat' dir='ltr'><strong>discrepantiae</strong></span> <span class='ocrx_word' id='word_1_116' title='bbox 638 1591 799 1648; x_wconf 89' lang='lat' dir='ltr'><strong>enotentur</strong></span> <span class='ocrx_word' id='word_1_117' title='bbox 821 1587 874 1647; x_wconf 89' lang='lat' dir='ltr'><strong>sed</strong></span> <span class='ocrx_word' id='word_1_118' title='bbox 896 1588 1051 1665; x_wconf 84' lang='lat' dir='ltr'><strong>graviores</strong></span> <span class='ocrx_word' id='word_1_119' title='bbox 1074 1591 1142 1647; x_wconf 92' lang='lat' dir='ltr'><strong>tan-</strong></span> 
     </span>
     <span class='ocr_line' id='line_1_17' title="bbox 129 1676 951 1755; baseline 0 -19"><span class='ocrx_word' id='word_1_120' title='bbox 129 1679 198 1736; x_wconf 89' lang='lat' dir='ltr'><strong>tum</strong></span> <span class='ocrx_word' id='word_1_121' title='bbox 222 1681 252 1735; x_wconf 91' lang='lat' dir='ltr'><strong>et</strong></span> <span class='ocrx_word' id='word_1_122' title='bbox 274 1677 426 1736; x_wconf 86' lang='lat' dir='ltr'><strong>mentione</strong></span> <span class='ocrx_word' id='word_1_123' title='bbox 450 1677 610 1755; x_wconf 85' lang='lat' dir='ltr'><strong>digniores.</strong></span> <span class='ocrx_word' id='word_1_124' title='bbox 950 1676 951 1679; x_wconf 67' lang='grc'>’</span> 
     </span>
    </p>

    <p class='ocr_par' dir='ltr' id='par_1_3' title="bbox 127 1765 1142 2022">
     <span class='ocr_line' id='line_1_18' title="bbox 196 1765 1142 1826; baseline 0.001 -3"><span class='ocrx_word' id='word_1_125' title='bbox 196 1765 255 1823; x_wconf 81' lang='lat' dir='ltr'><strong>Sed</strong></span> <span class='ocrx_word' id='word_1_126' title='bbox 281 1766 343 1823; x_wconf 90' lang='lat' dir='ltr'><strong>iam</strong></span> <span class='ocrx_word' id='word_1_127' title='bbox 372 1766 530 1825; x_wconf 85' lang='lat' dir='ltr'><strong>redeamus</strong></span> <span class='ocrx_word' id='word_1_128' title='bbox 557 1766 596 1824; x_wconf 89' lang='lat' dir='ltr'><strong>ad</strong></span> <span class='ocrx_word' id='word_1_129' title='bbox 618 1766 749 1826; x_wconf 82' lang='lat' dir='ltr'><strong>Florum.</strong></span> <span class='ocrx_word' id='word_1_130' title='bbox 796 1783 865 1824; x_wconf 91' lang='lat' dir='ltr'><strong>cum</strong></span> <span class='ocrx_word' id='word_1_131' title='bbox 889 1765 969 1823; x_wconf 92' lang='lat' dir='ltr'><strong>enim</strong></span> <span class='ocrx_word' id='word_1_132' title='bbox 993 1767 1031 1824; x_wconf 92' lang='lat' dir='ltr'><strong>ad</strong></span> <span class='ocrx_word' id='word_1_133' title='bbox 1054 1783 1142 1824; x_wconf 89' lang='lat' dir='ltr'><strong>suam</strong></span> 
     </span>
     <span class='ocr_line' id='line_1_19' title="bbox 127 1854 1140 1931; baseline 0.002 -19"><span class='ocrx_word' id='word_1_134' title='bbox 127 1873 373 1931; x_wconf 88' lang='lat' dir='ltr'><strong>unumquemque</strong></span> <span class='ocrx_word' id='word_1_135' title='bbox 397 1855 574 1931; x_wconf 87' lang='lat' dir='ltr'><strong>scriptorem</strong></span> <span class='ocrx_word' id='word_1_136' title='bbox 596 1874 733 1914; x_wconf 88' lang='lat' dir='ltr'><strong>normam</strong></span> <span class='ocrx_word' id='word_1_137' title='bbox 756 1854 905 1914; x_wconf 92' lang='lat' dir='ltr'><strong>edendum</strong></span> <span class='ocrx_word' id='word_1_138' title='bbox 929 1872 993 1913; x_wconf 90' lang='lat' dir='ltr'><strong>esse</strong></span> <span class='ocrx_word' id='word_1_139' title='bbox 1017 1873 1140 1914; x_wconf 91' lang='lat' dir='ltr'><strong>consen·</strong></span> 
     </span>
     <span class='ocr_line' id='line_1_20' title="bbox 127 1942 1142 2022; baseline 0 -20"><span class='ocrx_word' id='word_1_140' title='bbox 127 1945 252 2002; x_wconf 86' lang='lat' dir='ltr'><strong>tansum</strong></span> <span class='ocrx_word' id='word_1_141' title='bbox 274 1943 323 2020; x_wconf 86' lang='lat' dir='ltr'><strong>sit,</strong></span> <span class='ocrx_word' id='word_1_142' title='bbox 346 1943 425 2002; x_wconf 89' lang='lat' dir='ltr'><strong>idern</strong></span> <span class='ocrx_word' id='word_1_143' title='bbox 447 1944 480 2001; x_wconf 93' lang='grc'><strong>111</strong></span> <span class='ocrx_word' id='word_1_144' title='bbox 502 1942 593 2003; x_wconf 93' lang='lat' dir='ltr'><strong>huius</strong></span> <span class='ocrx_word' id='word_1_145' title='bbox 619 1962 740 2022; x_wconf 90' lang='lat' dir='ltr'><strong>quoque</strong></span> <span class='ocrx_word' id='word_1_146' title='bbox 768 1943 837 2001; x_wconf 89' lang='lat' dir='ltr'><strong>crisi</strong></span> <span class='ocrx_word' id='word_1_147' title='bbox 864 1944 963 2002; x_wconf 87' lang='lat' dir='ltr'><strong>facere</strong></span> <span class='ocrx_word' id='word_1_148' title='bbox 988 1943 1142 2022; x_wconf 77' lang='lat' dir='ltr'><strong>debemuS,</strong></span> 
     </span>
    </p>

    <p class='ocr_par' dir='ltr' id='par_1_4' title="bbox 7 2030 1144 2286">
     <span class='ocr_line' id='line_1_21' title="bbox 7 2030 1144 2109; baseline 0 -18"><span class='ocrx_word' id='word_1_149' title='bbox 7 2031 217 2091; x_wconf 65' lang='lat' dir='ltr'><strong>corrosorius</strong></span> <span class='ocrx_word' id='word_1_150' title='bbox 248 2050 345 2108; x_wconf 89' lang='lat' dir='ltr'><strong>neque</strong></span> <span class='ocrx_word' id='word_1_151' title='bbox 379 2050 481 2091; x_wconf 89' lang='lat' dir='ltr'><strong>omnes</strong></span> <span class='ocrx_word' id='word_1_152' title='bbox 510 2032 626 2091; x_wconf 89' lang='lat' dir='ltr'><strong>codices</strong></span> <span class='ocrx_word' id='word_1_153' title='bbox 653 2032 778 2090; x_wconf 79' lang='lat' dir='ltr'><strong>Iahnius</strong></span> <span class='ocrx_word' id='word_1_154' title='bbox 805 2030 1004 2108; x_wconf 87' lang='lat' dir='ltr'><strong>Halmiusque</strong></span> <span class='ocrx_word' id='word_1_155' title='bbox 1035 2051 1144 2109; x_wconf 84' lang='lat' dir='ltr'><strong>cogno-</strong></span> 
     </span>
     <span class='ocr_line' id='line_1_22' title="bbox 128 2120 1144 2198; baseline 0.001 -18"><span class='ocrx_word' id='word_1_156' title='bbox 128 2122 237 2181; x_wconf 86' lang='lat' dir='ltr'><strong>verant</strong></span> <span class='ocrx_word' id='word_1_157' title='bbox 263 2139 361 2197; x_wconf 89' lang='lat' dir='ltr'><strong>neque</strong></span> <span class='ocrx_word' id='word_1_158' title='bbox 391 2139 467 2198; x_wconf 92' lang='lat' dir='ltr'><strong>quos</strong></span> <span class='ocrx_word' id='word_1_159' title='bbox 494 2121 525 2178; x_wconf 90' lang='lat' dir='ltr'><strong>iu</strong></span> <span class='ocrx_word' id='word_1_160' title='bbox 553 2140 642 2180; x_wconf 91' lang='lat' dir='ltr'><strong>usum</strong></span> <span class='ocrx_word' id='word_1_161' title='bbox 675 2123 858 2182; x_wconf 83' lang='lat' dir='ltr'><strong>vocaverunt</strong></span> <span class='ocrx_word' id='word_1_162' title='bbox 879 2120 924 2179; x_wconf 88' lang='lat' dir='ltr'><strong>ita</strong></span> <span class='ocrx_word' id='word_1_163' title='bbox 947 2122 1144 2181; x_wconf 88' lang='lat' dir='ltr'><strong>contulerunt</strong></span> 
     </span>
     <span class='ocr_line' id='line_1_23' title="bbox 128 2209 930 2286; baseline -0.001 -18"><span class='ocrx_word' id='word_1_164' title='bbox 128 2212 164 2268; x_wconf 90' lang='lat' dir='ltr'><strong>ut</strong></span> <span class='ocrx_word' id='word_1_165' title='bbox 187 2227 256 2268; x_wconf 90' lang='lat' dir='ltr'><strong>cum</strong></span> <span class='ocrx_word' id='word_1_166' title='bbox 277 2210 448 2286; x_wconf 86' lang='lat' dir='ltr'><strong>pulvisculo</strong></span> <span class='ocrx_word' id='word_1_167' title='bbox 473 2210 612 2270; x_wconf 80' lang='lat' dir='ltr'><strong>exhausti</strong></span> <span class='ocrx_word' id='word_1_168' title='bbox 636 2228 699 2270; x_wconf 88' lang='grc'><strong>1111</strong></span> <span class='ocrx_word' id='word_1_169' title='bbox 723 2209 784 2269; x_wconf 89' lang='grc'><strong>1111</strong></span> <span class='ocrx_word' id='word_1_170' title='bbox 805 2210 930 2285; x_wconf 90' lang='lat' dir='ltr'><strong>possint.</strong></span> 
     </span>
    </p>

    <p class='ocr_par' dir='ltr' id='par_1_5' title="bbox 94 2298 1144 3177">
     <span class='ocr_line' id='line_1_24' title="bbox 94 2298 1142 2376; baseline 0.002 -20"><span class='ocrx_word' id='word_1_171' title='bbox 94 2310 114 2348; x_wconf 83' lang='lat' dir='ltr'>B</span> <span class='ocrx_word' id='word_1_172' title='bbox 195 2298 366 2375; x_wconf 88' lang='lat' dir='ltr'><strong>Principem</strong></span> <span class='ocrx_word' id='word_1_173' title='bbox 383 2299 480 2376; x_wconf 85' lang='lat' dir='ltr'><strong>igitur</strong></span> <span class='ocrx_word' id='word_1_174' title='bbox 500 2302 654 2359; x_wconf 87' lang='lat' dir='ltr'><strong>vetustate</strong></span> <span class='ocrx_word' id='word_1_175' title='bbox 672 2301 774 2358; x_wconf 89' lang='lat' dir='ltr'><strong>locum</strong></span> <span class='ocrx_word' id='word_1_176' title='bbox 786 2299 866 2357; x_wconf 88' lang='lat' dir='ltr'><strong>inter</strong></span> <span class='ocrx_word' id='word_1_177' title='bbox 880 2317 981 2356; x_wconf 89' lang='lat' dir='ltr'><strong>omnes</strong></span> <span class='ocrx_word' id='word_1_178' title='bbox 996 2298 1080 2357; x_wconf 82' lang='lat' dir='ltr'><strong>Flori</strong></span> <span class='ocrx_word' id='word_1_179' title='bbox 1095 2318 1142 2358; x_wconf 93' lang='lat' dir='ltr'><strong>co·</strong></span> 
     </span>
     <span class='ocr_line' id='line_1_25' title="bbox 128 2379 1144 2467; baseline 0.001 -21"><span class='ocrx_word' id='word_1_180' title='bbox 128 2387 208 2446; x_wconf 90' lang='lat' dir='ltr'><strong>dices</strong></span> <span class='ocrx_word' id='word_1_181' title='bbox 229 2420 269 2428; x_wconf 95' lang='grc'><strong>-</strong></span> <span class='ocrx_word' id='word_1_182' title='bbox 290 2388 321 2446; x_wconf 94' lang='grc'><strong>11</strong></span> <span class='ocrx_word' id='word_1_183' title='bbox 340 2388 421 2465; x_wconf 91' lang='lat' dir='ltr'><strong>quod</strong></span> <span class='ocrx_word' id='word_1_184' title='bbox 443 2389 626 2447; x_wconf 91' lang='lat' dir='ltr'><strong>monendum</strong></span> <span class='ocrx_word' id='word_1_185' title='bbox 649 2392 696 2448; x_wconf 91' lang='lat' dir='ltr'><strong>est</strong></span> <span class='ocrx_word' id='word_1_186' title='bbox 714 2391 819 2448; x_wconf 89' lang='lat' dir='ltr'><strong>contra</strong></span> <span class='ocrx_word' id='word_1_187' title='bbox 840 2387 1008 2463; x_wconf 82' lang='lat' dir='ltr'><strong>Sauppium</strong></span> <span class='ocrx_word' id='word_1_188' title='bbox 1026 2379 1144 2467; x_wconf 84' lang='lat' dir='ltr'><strong>(opusc.</strong></span> 
     </span>
     <span class='ocr_line' id='line_1_26' title="bbox 126 2467 1144 2557; baseline 0.001 -22"><span class='ocrx_word' id='word_1_189' title='bbox 126 2497 156 2552; x_wconf 89' lang='lat' dir='ltr'><strong>p.</strong></span> <span class='ocrx_word' id='word_1_190' title='bbox 176 2467 255 2557; x_wconf 82' lang='lat'>609)</span> <span class='ocrx_word' id='word_1_191' title='bbox 279 2508 321 2517; x_wconf 93' lang='lat'>—</span> <span class='ocrx_word' id='word_1_192' title='bbox 345 2477 626 2554; x_wconf 82' lang='lat' dir='ltr'><strong>Bamborgeusis</strong></span> <span class='ocrx_word' id='word_1_193' title='bbox 649 2479 674 2536; x_wconf 88' lang='grc' dir='ltr'><strong>Ε</strong></span> <span class='ocrx_word' id='word_1_194' title='bbox 697 2477 744 2536; x_wconf 92' lang='grc' dir='ltr'><strong>ΙΠ</strong></span> <span class='ocrx_word' id='word_1_195' title='bbox 768 2479 808 2536; x_wconf 81' lang='lat'><strong>22</strong></span> <span class='ocrx_word' id='word_1_196' title='bbox 834 2467 890 2557; x_wconf 90' lang='lat' dir='ltr'><strong>(B)</strong></span> <span class='ocrx_word' id='word_1_197' title='bbox 914 2478 1007 2552; x_wconf 86' lang='lat' dir='ltr'><strong>tenet,</strong></span> <span class='ocrx_word' id='word_1_198' title='bbox 1031 2477 1144 2552; x_wconf 89' lang='lat' dir='ltr'><strong>quippe</strong></span> 
     </span>
     <span class='ocr_line' id='line_1_27' title="bbox 128 2564 1144 2643; baseline 0.002 -22"><span class='ocrx_word' id='word_1_199' title='bbox 128 2564 181 2640; x_wconf 91' lang='lat' dir='ltr'><strong>qui</strong></span> <span class='ocrx_word' id='word_1_200' title='bbox 200 2565 262 2622; x_wconf 92' lang='lat' dir='ltr'><strong>iam</strong></span> <span class='ocrx_word' id='word_1_201' title='bbox 280 2565 400 2622; x_wconf 87' lang='lat' dir='ltr'><strong>saeculo</strong></span> <span class='ocrx_word' id='word_1_202' title='bbox 419 2584 498 2624; x_wconf 91' lang='lat' dir='ltr'><strong>nono</strong></span> <span class='ocrx_word' id='word_1_203' title='bbox 517 2565 640 2626; x_wconf 91' lang='lat' dir='ltr'><strong>ineunte</strong></span> <span class='ocrx_word' id='word_1_204' title='bbox 660 2567 800 2625; x_wconf 88' lang='lat' dir='ltr'><strong>exaratus</strong></span> <span class='ocrx_word' id='word_1_205' title='bbox 819 2564 868 2643; x_wconf 86' lang='lat' dir='ltr'><strong>sit,</strong></span> <span class='ocrx_word' id='word_1_206' title='bbox 892 2582 961 2623; x_wconf 87' lang='lat' dir='ltr'><strong>oum</strong></span> <span class='ocrx_word' id='word_1_207' title='bbox 979 2565 1144 2624; x_wconf 84' lang='lat' dir='ltr'><strong>Nazariani</strong></span> 
     </span>
     <span class='ocr_line' id='line_1_28' title="bbox 128 2652 1142 2731; baseline 0.001 -20"><span class='ocrx_word' id='word_1_208' title='bbox 128 2653 278 2728; x_wconf 88' lang='lat' dir='ltr'><strong>scriptura</strong></span> <span class='ocrx_word' id='word_1_209' title='bbox 305 2652 366 2710; x_wconf 92' lang='lat' dir='ltr'><strong>iam</strong></span> <span class='ocrx_word' id='word_1_210' title='bbox 395 2652 440 2711; x_wconf 88' lang='lat' dir='ltr'><strong>ita</strong></span> <span class='ocrx_word' id='word_1_211' title='bbox 464 2653 502 2712; x_wconf 86' lang='lat' dir='ltr'><strong>ad</strong></span> <span class='ocrx_word' id='word_1_212' title='bbox 525 2672 653 2729; x_wconf 89' lang='lat' dir='ltr'><strong>sequens</strong></span> <span class='ocrx_word' id='word_1_213' title='bbox 676 2654 831 2714; x_wconf 88' lang='lat' dir='ltr'><strong>saeculum</strong></span> <span class='ocrx_word' id='word_1_214' title='bbox 853 2656 963 2731; x_wconf 79' lang='lat' dir='ltr'><strong>vergat</strong></span> <span class='ocrx_word' id='word_1_215' title='bbox 985 2657 1021 2713; x_wconf 88' lang='lat' dir='ltr'><strong>ut</strong></span> <span class='ocrx_word' id='word_1_216' title='bbox 1043 2655 1142 2713; x_wconf 91' lang='lat' dir='ltr'><strong>medio</strong></span> 
     </span>
     <span class='ocr_line' id='line_1_29' title="bbox 127 2734 1143 2824; baseline 0.001 -23"><span class='ocrx_word' id='word_1_217' title='bbox 127 2742 176 2801; x_wconf 86' lang='lat' dir='ltr'><strong>vel</strong></span> <span class='ocrx_word' id='word_1_218' title='bbox 195 2740 317 2800; x_wconf 88' lang='lat' dir='ltr'><strong>exeunti</strong></span> <span class='ocrx_word' id='word_1_219' title='bbox 336 2740 451 2801; x_wconf 92' lang='lat' dir='ltr'><strong>decimo</strong></span> <span class='ocrx_word' id='word_1_220' title='bbox 470 2741 611 2801; x_wconf 88' lang='lat' dir='ltr'><strong>videatur</strong></span> <span class='ocrx_word' id='word_1_221' title='bbox 627 2743 805 2803; x_wconf 88' lang='lat' dir='ltr'><strong>tribuendus</strong></span> <span class='ocrx_word' id='word_1_222' title='bbox 821 2734 926 2824; x_wconf 70' lang='lat' dir='ltr'><strong>esse2).</strong></span> <span class='ocrx_word' id='word_1_223' title='bbox 951 2743 1143 2802; x_wconf 82' lang='lat' dir='ltr'><strong>membranae</strong></span> 
     </span>
     <span class='ocr_line' id='line_1_30' title="bbox 127 2824 1144 2913; baseline 0.002 -25"><span class='ocrx_word' id='word_1_224' title='bbox 127 2832 199 2888; x_wconf 90' lang='lat' dir='ltr'><strong>sunt</strong></span> <span class='ocrx_word' id='word_1_225' title='bbox 230 2831 344 2889; x_wconf 88' lang='lat' dir='ltr'><strong>formae</strong></span> <span class='ocrx_word' id='word_1_226' title='bbox 375 2830 584 2907; x_wconf 86' lang='lat' dir='ltr'><strong>quadrantalis</strong></span> <span class='ocrx_word' id='word_1_227' title='bbox 616 2832 740 2892; x_wconf 90' lang='lat' dir='ltr'><strong>minoris</strong></span> <span class='ocrx_word' id='word_1_228' title='bbox 772 2826 861 2913; x_wconf 88' lang='lat'><strong>(0,13</strong></span> <span class='ocrx_word' id='word_1_229' title='bbox 881 2842 924 2896; x_wconf 92' lang='lat'><strong>&gt;&lt;</strong></span> <span class='ocrx_word' id='word_1_230' title='bbox 946 2824 1035 2913; x_wconf 82' lang='lat'>0‚19)</span> <span class='ocrx_word' id='word_1_231' title='bbox 1069 2833 1144 2891; x_wconf 89' lang='lat' dir='ltr'><strong>satis</strong></span> 
     </span>
     <span class='ocr_line' id='line_1_31' title="bbox 127 2919 1143 2998; baseline 0.004 -22"><span class='ocrx_word' id='word_1_232' title='bbox 127 2936 246 2977; x_wconf 90' lang='lat' dir='ltr'><strong>crassae</strong></span> <span class='ocrx_word' id='word_1_233' title='bbox 270 2921 302 2978; x_wconf 90' lang='lat' dir='ltr'><strong>et</strong></span> <span class='ocrx_word' id='word_1_234' title='bbox 323 2919 440 2998; x_wconf 87' lang='lat' dir='ltr'><strong>fuscae,</strong></span> <span class='ocrx_word' id='word_1_235' title='bbox 468 2921 500 2977; x_wconf 92' lang='grc'><strong>111</strong></span> <span class='ocrx_word' id='word_1_236' title='bbox 528 2939 658 2997; x_wconf 91' lang='lat' dir='ltr'><strong>quarum</strong></span> <span class='ocrx_word' id='word_1_237' title='bbox 685 2921 804 2998; x_wconf 87' lang='lat' dir='ltr'><strong>paginis</strong></span> <span class='ocrx_word' id='word_1_238' title='bbox 829 2923 870 2980; x_wconf 81' lang='lat'><strong>53</strong></span> <span class='ocrx_word' id='word_1_239' title='bbox 894 2922 1053 2998; x_wconf 88' lang='lat' dir='ltr'><strong>usquead</strong></span> <span class='ocrx_word' id='word_1_240' title='bbox 1078 2924 1143 2981; x_wconf 81' lang='lat'><strong>214</strong></span> 
     </span>
     <span class='ocr_line' id='line_1_32' title="bbox 129 3003 1143 3086; baseline 0.002 -20"><span class='ocrx_word' id='word_1_241' title='bbox 129 3039 167 3048; x_wconf 90' lang='lat'><em>—</em></span> <span class='ocrx_word' id='word_1_242' title='bbox 189 3027 259 3066; x_wconf 92' lang='lat' dir='ltr'><strong>nam</strong></span> <span class='ocrx_word' id='word_1_243' title='bbox 278 3008 462 3082; x_wconf 88' lang='lat' dir='ltr'><strong>praecedunt</strong></span> <span class='ocrx_word' id='word_1_244' title='bbox 481 3004 613 3070; x_wconf 70' lang='lat' dir='ltr'><strong>‘Daretis</strong></span> <span class='ocrx_word' id='word_1_245' title='bbox 627 3009 723 3086; x_wconf 82' lang='lat' dir='ltr'><strong>Frigii</strong></span> <span class='ocrx_word' id='word_1_246' title='bbox 741 3003 880 3068; x_wconf 86' lang='lat' dir='ltr'><strong>historia&#39;</strong></span> <span class='ocrx_word' id='word_1_247' title='bbox 901 3013 932 3069; x_wconf 90' lang='lat' dir='ltr'><strong>et</strong></span> <span class='ocrx_word' id='word_1_248' title='bbox 946 3005 1143 3070; x_wconf 76' lang='lat' dir='ltr'><strong>‘breviarium</strong></span> 
     </span>
     <span class='ocr_line' id='line_1_33' title="bbox 126 3090 1142 3177; baseline 0.004 -23"><span class='ocrx_word' id='word_1_249' title='bbox 126 3090 221 3156; x_wconf 82' lang='lat' dir='ltr'><strong>Festi&#39;</strong></span> <span class='ocrx_word' id='word_1_250' title='bbox 257 3097 361 3172; x_wconf 92' lang='lat' dir='ltr'><strong>paullo</strong></span> <span class='ocrx_word' id='word_1_251' title='bbox 393 3099 595 3158; x_wconf 88' lang='lat' dir='ltr'><strong>recentiorum</strong></span> <span class='ocrx_word' id='word_1_252' title='bbox 626 3117 773 3157; x_wconf 90' lang='lat' dir='ltr'><strong>manuum</strong></span> <span class='ocrx_word' id='word_1_253' title='bbox 802 3129 840 3138; x_wconf 94' lang='lat'><em>-</em></span> <span class='ocrx_word' id='word_1_254' title='bbox 870 3099 978 3157; x_wconf 86' lang='lat' dir='ltr'><strong>Florus</strong></span> <span class='ocrx_word' id='word_1_255' title='bbox 1012 3099 1142 3177; x_wconf 83' lang='lat' dir='ltr'><strong>singulis</strong></span> 
     </span>
    </p>
   </div>
   <div class='ocr_carea' id='block_1_3' title="bbox 125 3265 1143 3623">
    <p class='ocr_par' dir='ltr' id='par_1_6' title="bbox 125 3265 1143 3547">
     <span class='ocr_line' id='line_1_34' title="bbox 199 3265 1143 3336; baseline 0.006 -20"><span class='ocrx_word' id='word_1_256' title='bbox 199 3266 225 3332; x_wconf 89' lang='lat'><strong>1)</strong></span> <span class='ocrx_word' id='word_1_257' title='bbox 244 3282 308 3318; x_wconf 89' lang='lat' dir='ltr'><strong>cum</strong></span> <span class='ocrx_word' id='word_1_258' title='bbox 325 3265 398 3320; x_wconf 88' lang='lat' dir='ltr'><strong>tales</strong></span> <span class='ocrx_word' id='word_1_259' title='bbox 416 3265 491 3320; x_wconf 84' lang='lat' dir='ltr'><strong>viros</strong></span> <span class='ocrx_word' id='word_1_260' title='bbox 511 3265 602 3333; x_wconf 90' lang='lat' dir='ltr'><strong>qualis</strong></span> <span class='ocrx_word' id='word_1_261' title='bbox 623 3266 755 3321; x_wconf 83' lang='lat' dir='ltr'><strong>Servatus</strong></span> <span class='ocrx_word' id='word_1_262' title='bbox 772 3266 867 3336; x_wconf 86' lang='lat' dir='ltr'><strong>Lupus</strong></span> <span class='ocrx_word' id='word_1_263' title='bbox 881 3266 1068 3321; x_wconf 81' lang='lat' dir='ltr'><strong>Ferrariensis</strong></span> <span class='ocrx_word' id='word_1_264' title='bbox 1086 3269 1143 3323; x_wconf 89' lang='lat' dir='ltr'><strong>fuit</strong></span> 
     </span>
     <span class='ocr_line' id='line_1_35' title="bbox 125 3333 1142 3408; baseline 0.004 -19"><span class='ocrx_word' id='word_1_265' title='bbox 125 3333 284 3389; x_wconf 86' lang='lat' dir='ltr'><strong>rarissimos</strong></span> <span class='ocrx_word' id='word_1_266' title='bbox 312 3336 400 3391; x_wconf 83' lang='lat' dir='ltr'><strong>fuisse</strong></span> <span class='ocrx_word' id='word_1_267' title='bbox 427 3339 550 3406; x_wconf 87' lang='lat' dir='ltr'><strong>constat,</strong></span> <span class='ocrx_word' id='word_1_268' title='bbox 577 3340 639 3391; x_wconf 90' lang='lat' dir='ltr'><strong>tum</strong></span> <span class='ocrx_word' id='word_1_269' title='bbox 665 3355 805 3406; x_wconf 88' lang='lat' dir='ltr'><strong>nusquam</strong></span> <span class='ocrx_word' id='word_1_270' title='bbox 830 3337 877 3392; x_wconf 91' lang='lat' dir='ltr'><strong>hic</strong></span> <span class='ocrx_word' id='word_1_271' title='bbox 900 3337 930 3391; x_wconf 92' lang='grc'><strong>111</strong></span> <span class='ocrx_word' id='word_1_272' title='bbox 953 3338 1082 3408; x_wconf 86' lang='lat' dir='ltr'><strong>epistulis</strong></span> <span class='ocrx_word' id='word_1_273' title='bbox 1107 3341 1142 3395; x_wconf 88' lang='lat' dir='ltr'><strong>de</strong></span> 
     </span>
     <span class='ocr_line' id='line_1_36' title="bbox 127 3405 1143 3480; baseline 0.007 -22"><span class='ocrx_word' id='word_1_274' title='bbox 127 3405 311 3475; x_wconf 87' lang='lat' dir='ltr'><strong>scriptoribus</strong></span> <span class='ocrx_word' id='word_1_275' title='bbox 331 3425 348 3461; x_wconf 89' lang='lat' dir='ltr'><strong>a</strong></span> <span class='ocrx_word' id='word_1_276' title='bbox 366 3425 396 3462; x_wconf 89' lang='lat' dir='ltr'><strong>se</strong></span> <span class='ocrx_word' id='word_1_277' title='bbox 411 3424 445 3461; x_wconf 88' lang='lat' dir='ltr'><strong>cx</strong></span> <span class='ocrx_word' id='word_1_278' title='bbox 458 3408 572 3477; x_wconf 83' lang='lat' dir='ltr'><strong>ingenio</strong></span> <span class='ocrx_word' id='word_1_279' title='bbox 588 3409 743 3462; x_wconf 87' lang='lat' dir='ltr'><strong>emendatis</strong></span> <span class='ocrx_word' id='word_1_280' title='bbox 757 3409 891 3480; x_wconf 86' lang='lat' dir='ltr'><strong>loquitur,</strong></span> <span class='ocrx_word' id='word_1_281' title='bbox 914 3410 963 3464; x_wconf 88' lang='lat' dir='ltr'><strong>sed</strong></span> <span class='ocrx_word' id='word_1_282' title='bbox 979 3411 1013 3463; x_wconf 91' lang='lat' dir='ltr'><strong>dc</strong></span> <span class='ocrx_word' id='word_1_283' title='bbox 1028 3428 1143 3465; x_wconf 89' lang='lat' dir='ltr'><strong>suorum</strong></span> 
     </span>
     <span class='ocr_line' id='line_1_37' title="bbox 127 3476 1105 3547; baseline 0.004 -17"><span class='ocrx_word' id='word_1_284' title='bbox 127 3476 330 3546; x_wconf 87' lang='lat' dir='ltr'><strong>exemplarium</strong></span> <span class='ocrx_word' id='word_1_285' title='bbox 347 3479 425 3532; x_wconf 82' lang='lat' dir='ltr'><strong>vitiis</strong></span> <span class='ocrx_word' id='word_1_286' title='bbox 446 3478 655 3547; x_wconf 85' lang='lat' dir='ltr'><strong>comparatione</strong></span> <span class='ocrx_word' id='word_1_287' title='bbox 674 3479 793 3534; x_wconf 88' lang='lat' dir='ltr'><strong>aliorum</strong></span> <span class='ocrx_word' id='word_1_288' title='bbox 812 3482 940 3536; x_wconf 88' lang='lat' dir='ltr'><strong>codicum</strong></span> <span class='ocrx_word' id='word_1_289' title='bbox 961 3481 1105 3535; x_wconf 90' lang='lat' dir='ltr'><strong>sanandis.</strong></span> 
     </span>
    </p>

    <p class='ocr_par' dir='ltr' id='par_1_7' title="bbox 197 3549 1095 3623">
     <span class='ocr_line' id='line_1_38' title="bbox 197 3549 1095 3623; baseline 0.007 -22"><span class='ocrx_word' id='word_1_290' title='bbox 197 3551 224 3617; x_wconf 78' lang='lat'><strong>2)</strong></span> <span class='ocrx_word' id='word_1_291' title='bbox 242 3567 268 3603; x_wconf 83' lang='lat' dir='ltr'><strong>v.</strong></span> <span class='ocrx_word' id='word_1_292' title='bbox 289 3566 361 3616; x_wconf 88' lang='lat' dir='ltr'><strong>quac</strong></span> <span class='ocrx_word' id='word_1_293' title='bbox 382 3549 483 3604; x_wconf 78' lang='lat' dir='ltr'><strong>‘musei</strong></span> <span class='ocrx_word' id='word_1_294' title='bbox 500 3550 641 3604; x_wconf 86' lang='lat' dir='ltr'><strong>Rhenani&#39;</strong></span> <span class='ocrx_word' id='word_1_295' title='bbox 661 3551 748 3606; x_wconf 83' lang='lat' dir='ltr'>XLIV</span> <span class='ocrx_word' id='word_1_296' title='bbox 766 3555 857 3623; x_wconf 82' lang='lat'>(1889)</span> <span class='ocrx_word' id='word_1_297' title='bbox 875 3571 901 3622; x_wconf 90' lang='lat' dir='ltr'><strong>p.</strong></span> <span class='ocrx_word' id='word_1_298' title='bbox 918 3560 951 3606; x_wconf 75' lang='lat'><strong>67</strong></span> <span class='ocrx_word' id='word_1_299' title='bbox 971 3554 1095 3622; x_wconf 89' lang='lat' dir='ltr'><strong>exposui.</strong></span> 
     </span>
    </p>
   </div>
   <div class='ocr_carea' id='block_1_4' title="bbox 0 0 1198 3922">
    <p class='ocr_par' dir='ltr' id='par_1_8' title="bbox 0 0 1198 3922">
     <span class='ocr_line' id='line_1_39' title="bbox 0 0 1198 3922; baseline 0 0"><span class='ocrx_word' id='word_1_300' title='bbox 0 0 1198 3922; x_wconf 95' lang='lat' dir='ltr'><strong> </strong></span> 
     </span>
    </p>
   </div>
  </div>
 </body>
</html>
