2386 3922
373 181 575 233 PRAEFATIO
593 182 763 233 EDITORIS
1022 181 1074 234 VII

63 339 208 430 possetl).
253 347 339 406 ouius
362 347 499 408 thesauri
521 348 662 408 notitiam
685 367 753 407 cum
775 368 843 427 non,
867 349 920 426 qui
942 353 989 408 est
1010 369 1075 409 mos

62 438 205 514 pauperis
232 437 349 514 ingenii
376 437 523 517 virorum,
551 438 627 498 alios
655 438 742 497 anxie
765 440 904 517 celasset,
933 439 985 498 sed
1007 458 1076 498 oum

63 527 102 585 iis
116 546 245 604 quorum
260 545 329 585 eum
343 544 520 603 cognoscere
534 527 694 587 interesset
707 527 801 586 libere
818 529 1075 606 communicasset,

65 616 181 675 factum
200 618 247 674 est
264 617 302 673 ut
319 617 389 691 post
408 615 547 674 Seebodii
566 634 688 692 operam
704 617 856 677 mentione
874 617 925 678 vix
942 617 1075 695 dignam,

64 704 103 763 ad
133 705 221 763 cuius
256 704 418 763 editionem
445 723 523 764 anuo
552 703 757 764 MDCGGXXI
784 705 904 782 Lipsiae
937 707 1075 766 emissam

64 793 204 871 egregius
235 793 288 851 ille
321 792 398 852 liber
428 794 536 871 exiguo
568 811 637 852 oum
671 795 775 852 fructu
806 795 960 855 adhibitus
988 787 1075 874 est2),

64 901 200 941 summus
222 883 269 943 vir
292 885 324 940 et
346 881 530 941 Lachmanni
552 882 720 958 discipulus
742 885 835 960 atque
858 885 980 962 amicus,
1004 881 1076 943 Otto

63 971 188 1030 Iahnius
211 971 289 1029 hano
313 971 500 1047 provinciam
522 970 580 1030 sibi
608 971 753 1050 deligeret
780 974 811 1030 et
840 975 998 1049 tantopere
1021 974 1076 1031 im-

64 1063 219 1120 mutatum
243 1060 396 1136 exemplar
418 1059 537 1136 Lipsiae
561 1079 639 1120 anno
662 1059 853 1121 MDGGCLII
870 1060 985 1137 publici
1002 1063 1076 1120 iuris

63 1150 179 1208 faceret
201 1151 238 1207 ut
259 1150 421 1226 vulgatum
442 1149 530 1208 illum
552 1149 677 1209 Florum
698 1151 730 1208 iu
752 1169 823 1210 vero
846 1150 936 1209 Floro
964 1151 1077 1208 frustra

63 1238 244 1315 requireres.
289 1256 388 1314 neque
412 1238 491 1297 enim
510 1239 608 1298 solum
627 1259 662 1298 ex
682 1240 796 1314 optimo
815 1238 916 1298 codice
934 1239 1078 1314 permulti

64 1327 125 1386 loci
148 1328 202 1404 qui
223 1327 256 1385 in
279 1327 405 1386 alterius
427 1328 608 1387 recensionis
631 1328 717 1387 libris
739 1328 874 1405 corrupti
898 1327 1079 1405 legebantur

64 1417 98 1474 in
124 1416 279 1494 integrum
306 1416 443 1476 restituti
466 1419 550 1494 sunt,
576 1417 825 1493 interpolationes
849 1417 1004 1493 expulsae,
1034 1416 1077 1474 la-

65 1523 162 1564 cunae
195 1505 270 1564 satis
302 1506 406 1583 magni
438 1505 530 1582 spatii
562 1507 713 1582 expletae,
744 1524 850 1566 verum
877 1505 970 1565 etiam
996 1504 1078 1563 baud

65 1612 165 1670 pauca
184 1613 262 1670 quae
280 1613 318 1652 ne
336 1594 369 1652 in
384 1594 438 1653 illo
453 1594 575 1671 quidem
589 1594 714 1654 deerant
726 1594 836 1653 menda
849 1598 904 1653 aut
918 1593 957 1653 ab
970 1593 1077 1652 Iahnio

67 1683 134 1759 ipso
154 1686 210 1742 aut
228 1683 265 1741 ab
285 1683 389 1742 amicis
408 1684 481 1760 eius,
504 1684 619 1761 egregii
637 1683 783 1743 acuminis
801 1684 888 1761 viris,
911 1681 943 1742 O.
957 1682 1078 1741 Halmio

67 1773 107 1830 M.
126 1771 263 1848 Hauptio
287 1772 341 1832 Th.
365 1771 547 1832 Mommseno
571 1773 700 1832 sublata.

64 1879 66 1883 ’
132 1860 175 1919 At
207 1860 287 1937 quod
318 1861 395 1920 haut
425 1880 493 1920 raro
526 1879 585 1920 usu
611 1862 696 1922 venit
721 1861 865 1922 thesauro
892 1865 1012 1938 reperto
1043 1864 1079 1919 ut

65 1968 138 2024 prae
170 1949 295 2008 summis
328 1950 393 2008 eius
428 1949 591 2010 virtutibus
618 1951 758 2010 inventor
785 1951 824 2009 ad
850 1950 927 2012 vitia
957 1950 1078 2027 caliget,

64 2038 145 2096 idem
173 2038 279 2097 Iahnio
312 2058 432 2116 quoque
464 2039 584 2100 accidit.
629 2057 813 2116 quamquam
846 2039 925 2098 enim
952 2039 1078 2097 alterius

66 2127 249 2186 recensionis
280 2127 374 2186 libros
405 2147 499 2186 manu
530 2129 660 2205 scriptos
692 2147 753 2187 non
784 2145 906 2204 prorsus
937 2128 1079 2204 neglexit,

65 2218 168 2275 tamen
200 2216 245 2275 ita
277 2215 438 2275 sordebant
468 2217 496 2274 ei
522 2236 595 2293 prae
622 2217 854 2293 Bambergensis
881 2215 1017 2275 bonitate
1043 2219 1080 2274 ut

65 2305 142 2364 satis
164 2305 278 2363 multas
308 2323 412 2363 eorum
435 2305 601 2382 scripturas
624 2303 774 2364 immerito
798 2323 816 2363 a
838 2304 922 2362 Flori
944 2305 1078 2363 oratione

66 2393 247 2454 excluderet.
284 2392 316 2451 id
336 2393 504 2470 quodcum
527 2394 581 2452 alii
603 2396 820 2470 perspexenmt
842 2395 908 2452 tum
930 2391 968 2450 H.
984 2391 1079 2467 Saup-

139 2637 166 2704 1)
186 2633 253 2687 ‘Iuli
266 2633 343 2689 Flori
357 2635 498 2704 epitomae
516 2636 584 2690 libri
601 2637 657 2691 duo
676 2653 730 2691 reo.
748 2638 777 2691 et
791 2635 898 2690 emend.
914 2633 982 2689 Otto
995 2633 1076 2687 lahn’

64 2724 93 2776 p.
116 2706 163 2759 III.
206 2705 308 2759 iisdem
336 2706 417 2760 annis
446 2707 548 2777 quibus
574 2707 681 2762 Iaeckii
709 2706 861 2776 descriptio
887 2705 1079 2760 bibliothecae

65 2776 283 2846 Bambergensis
306 2777 424 2848 prodiit,
448 2778 522 2834 inter
545 2778 624 2833 cuius
647 2778 715 2832 libri
738 2777 970 2832 ‘subscribentes’
990 2777 1080 2830 Lach-

66 2865 187 2901 mannus
219 2852 398 2918 memoratur,
429 2850 544 2904 Iahnius
577 2849 741 2904 adulescens
773 2848 968 2902 universitatis
994 2847 1080 2901 Bero-

66 2918 183 2973 lincnsis
203 2918 312 2973 civibus
332 2919 490 2989 adscriptus
510 2922 572 2975 erat
589 2920 634 2988 (cf.
654 2920 686 2975 l.
701 2919 849 2974 Michaelis
867 2919 898 2973 in
915 2919 988 2973 libro
1008 2915 1080 2968 ‘All-

65 2989 195 3060 gemcinc
215 2991 349 3045 deutsche
367 2990 548 3060 Biographie’
568 2991 634 3044 XIII
650 3008 678 3060 p.
693 2994 763 3060 669).

138 3064 166 3131 2)
187 3061 228 3117 ‘Iu
248 3061 359 3116 Annaei
377 3060 453 3114 Flori
472 3061 594 3131 epitome
611 3077 704 3114 rerum
721 3061 913 3115 Romanarum
930 3057 968 3112 ad
991 3055 1079 3110 libros

64 3149 130 3187 mss.
150 3133 387 3202 Bambcrgensem
404 3130 594 3186 Nazarianum
615 3133 685 3186 duos
700 3131 874 3186 Parisicnses
894 3130 964 3182 duos
982 3127 1080 3181 Mona-

67 3220 163 3258 censes
188 3206 239 3259 eto.
260 3220 314 3258 rec.
334 3201 509 3258 Godofredus
528 3203 675 3258 Scebode'.
711 3220 748 3256 ne
770 3218 875 3270 magna
898 3198 1012 3269 quidem
1029 3199 1081 3252 illa

65 3275 181 3343 lacuna,
210 3291 283 3344 quae
305 3275 332 3328 H
355 3280 402 3343 18,
426 3279 442 3326 2
470 3273 501 3328 in
523 3273 652 3328 omnibus
675 3272 756 3327 libris
778 3271 842 3325 hiat
863 3272 975 3339 praeter
997 3270 1080 3325 Bam-

64 3347 245 3416 bergensem‚
269 3346 306 3399 ab
330 3362 362 3400 eo
386 3344 497 3414 expleta
520 3347 570 3400 est.
607 3362 674 3399 narn
697 3344 729 3398 in
746 3345 857 3398 textum
874 3341 947 3395 nihil
964 3342 1079 3411 reecpit,

66 3417 166 3471 sedin
186 3416 369 3471 adnotatione
392 3418 505 3470 tantum
526 3415 665 3470 indicavit
687 3431 760 3484 quae
784 3414 914 3467 deessent
938 3414 964 3467 ‘e
983 3413 1079 3468 codice

65 3487 235 3558 perantiquo
263 3487 294 3541 in
317 3487 536 3542 commentariis'
560 3486 723 3542 restitutum
748 3484 791 3539 iri.
833 3501 930 3540 verum
952 3484 983 3538 hi
1006 3501 1080 3538 com-

66 3559 200 3613 mentani
218 3576 363 3626 nunquam
381 3558 473 3613 lucem
491 3559 630 3614 viderunt.
