<?xml version="1.0" encoding="UTF-8"?>
<!DOCTYPE html PUBLIC "-//W3C//DTD XHTML 1.0 Transitional//EN"
    "http://www.w3.org/TR/xhtml1/DTD/xhtml1-transitional.dtd">
<html xmlns="http://www.w3.org/1999/xhtml" xml:lang="en" lang="en">
 <head>
  <title>
</title>
<meta http-equiv="Content-Type" content="text/html;charset=utf-8" />
  <meta name='ocr-system' content='tesseract 3.04.00' />
  <meta name='ocr-capabilities' content='ocr_page ocr_carea ocr_par ocr_line ocrx_word'/>
</head>
<body>
  <div class='ocr_page' id='page_1' title='image "./lannaeifloriepi01florgoog_0166.png"; bbox 0 0 2386 3922; ppageno 0'>
   <div class='ocr_carea' id='block_1_1' title="bbox 453 147 1106 217">
    <p class='ocr_par' dir='ltr' id='par_1_1' title="bbox 453 147 1106 217">
     <span class='ocr_line' id='line_1_1' title="bbox 453 147 1106 217; baseline 0 -17"><span class='ocrx_word' id='word_1_1' title='bbox 453 147 479 217; x_wconf 90' lang='lat'>1,</span> <span class='ocrx_word' id='word_1_2' title='bbox 498 153 533 200; x_wconf 75' lang='lat' dir='ltr'>aa</span> <span class='ocrx_word' id='word_1_3' title='bbox 552 148 600 217; x_wconf 83' lang='lat' dir='ltr'>(n,</span> <span class='ocrx_word' id='word_1_4' title='bbox 621 150 744 217; x_wconf 81' lang='lat' dir='ltr'>1a-1o).</span> <span class='ocrx_word' id='word_1_5' title='bbox 1064 149 1106 213; x_wconf 85' lang='lat'>83</span> 
     </span>
    </p>
   </div>
   <div class='ocr_carea' id='block_1_2' title="bbox 54 312 1158 1968">
    <p class='ocr_par' dir='ltr' id='par_1_2' title="bbox 54 312 1158 1968">
     <span class='ocr_line' id='line_1_2' title="bbox 86 312 1158 396; baseline 0.002 -23"><span class='ocrx_word' id='word_1_6' title='bbox 86 315 251 393; x_wconf 87' lang='lat' dir='ltr'>potionem.</span> <span class='ocrx_word' id='word_1_7' title='bbox 302 312 486 374; x_wconf 89' lang='lat' dir='ltr'>intellectum</span> <span class='ocrx_word' id='word_1_8' title='bbox 518 313 554 373; x_wconf 93' lang='lat' dir='ltr'>ab</span> <span class='ocrx_word' id='word_1_9' title='bbox 586 317 765 393; x_wconf 83' lang='lat' dir='ltr'>imperatore</span> <span class='ocrx_word' id='word_1_10' title='bbox 798 315 970 396; x_wconf 80' lang='lat' dir='ltr'>consilium3</span> <span class='ocrx_word' id='word_1_11' title='bbox 1005 319 1104 395; x_wconf 88' lang='lat' dir='ltr'>itaque</span> <span class='ocrx_word' id='word_1_12' title='bbox 1126 327 1158 376; x_wconf 85' lang='lat'>13</span> 
     </span>
     <span class='ocr_line' id='line_1_3' title="bbox 86 403 1106 483; baseline 0.004 -22"><span class='ocrx_word' id='word_1_13' title='bbox 86 420 148 462; x_wconf 92' lang='lat' dir='ltr'>non</span> <span class='ocrx_word' id='word_1_14' title='bbox 174 409 220 461; x_wconf 83' lang='lat' dir='ltr'>est</span> <span class='ocrx_word' id='word_1_15' title='bbox 237 403 385 481; x_wconf 90' lang='lat' dir='ltr'>permissa</span> <span class='ocrx_word' id='word_1_16' title='bbox 403 421 501 481; x_wconf 89' lang='lat' dir='ltr'>pugna</span> <span class='ocrx_word' id='word_1_17' title='bbox 520 404 684 463; x_wconf 92' lang='lat' dir='ltr'>morituris.</span> <span class='ocrx_word' id='word_1_18' title='bbox 722 421 791 463; x_wconf 92' lang='lat' dir='ltr'>cum</span> <span class='ocrx_word' id='word_1_19' title='bbox 809 403 888 463; x_wconf 88' lang='lat' dir='ltr'>lossa</span> <span class='ocrx_word' id='word_1_20' title='bbox 907 411 994 483; x_wconf 89' lang='lat' dir='ltr'>atque</span> <span class='ocrx_word' id='word_1_21' title='bbox 1014 405 1106 466; x_wconf 87' lang='lat' dir='ltr'>lorica</span> 
     </span>
     <span class='ocr_line' id='line_1_4' title="bbox 89 486 1104 573; baseline 0.003 -22"><span class='ocrx_word' id='word_1_22' title='bbox 89 497 289 570; x_wconf 86' lang='lat' dir='ltr'>quattuorque</span> <span class='ocrx_word' id='word_1_23' title='bbox 317 493 424 551; x_wconf 91' lang='lat' dir='ltr'>castris</span> <span class='ocrx_word' id='word_1_24' title='bbox 452 486 650 551; x_wconf 87' lang='lat' dir='ltr'>circumdatos</span> <span class='ocrx_word' id='word_1_25' title='bbox 678 492 771 552; x_wconf 87' lang='lat' dir='ltr'>fames</span> <span class='ocrx_word' id='word_1_26' title='bbox 793 500 957 573; x_wconf 83' lang='lat' dir='ltr'>premeret,</span> <span class='ocrx_word' id='word_1_27' title='bbox 985 513 1001 554; x_wconf 94' lang='lat' dir='ltr'>a</span> <span class='ocrx_word' id='word_1_28' title='bbox 1029 494 1104 554; x_wconf 89' lang='lat' dir='ltr'>duce</span> 
     </span>
     <span class='ocr_line' id='line_1_5' title="bbox 90 578 1104 662; baseline 0.003 -23"><span class='ocrx_word' id='word_1_29' title='bbox 90 586 209 640; x_wconf 88' lang='lat' dir='ltr'>orantes</span> <span class='ocrx_word' id='word_1_30' title='bbox 237 578 398 659; x_wconf 87' lang='lat' dir='ltr'>proelium,</span> <span class='ocrx_word' id='word_1_31' title='bbox 428 586 462 640; x_wconf 90' lang='lat' dir='ltr'>ut</span> <span class='ocrx_word' id='word_1_32' title='bbox 488 585 640 658; x_wconf 83' lang='lat' dir='ltr'>tamquam</span> <span class='ocrx_word' id='word_1_33' title='bbox 666 582 746 641; x_wconf 85' lang='lat' dir='ltr'>viros</span> <span class='ocrx_word' id='word_1_34' title='bbox 776 581 937 662; x_wconf 83' lang='lat' dir='ltr'>occideret,</span> <span class='ocrx_word' id='word_1_35' title='bbox 965 581 1017 641; x_wconf 92' lang='lat' dir='ltr'>ubi</span> <span class='ocrx_word' id='word_1_36' title='bbox 1045 600 1104 642; x_wconf 92' lang='lat' dir='ltr'>non</span> 
     </span>
     <span class='ocr_line' id='line_1_6' title="bbox 68 666 1158 748; baseline 0 -20"><span class='ocrx_word' id='word_1_37' title='bbox 68 667 301 747; x_wconf 67' lang='lat' dir='ltr'>limpetrabant,</span> <span class='ocrx_word' id='word_1_38' title='bbox 328 666 439 746; x_wconf 79' lang='lat' dir='ltr'>placuit</span> <span class='ocrx_word' id='word_1_39' title='bbox 466 671 592 747; x_wconf 79' lang='lat' dir='ltr'>eruptio.</span> <span class='ocrx_word' id='word_1_40' title='bbox 639 671 683 728; x_wconf 89' lang='lat' dir='ltr'>sic</span> <span class='ocrx_word' id='word_1_41' title='bbox 711 676 848 729; x_wconf 89' lang='lat' dir='ltr'>conserta</span> <span class='ocrx_word' id='word_1_42' title='bbox 871 688 960 729; x_wconf 90' lang='lat' dir='ltr'>manu</span> <span class='ocrx_word' id='word_1_43' title='bbox 983 669 1105 748; x_wconf 88' lang='lat' dir='ltr'>plurimi</span> <span class='ocrx_word' id='word_1_44' title='bbox 1126 681 1158 728; x_wconf 82' lang='lat'>14</span> 
     </span>
     <span class='ocr_line' id='line_1_7' title="bbox 93 757 1103 837; baseline 0.002 -21"><span class='ocrx_word' id='word_1_45' title='bbox 93 758 191 836; x_wconf 88' lang='lat' dir='ltr'>occisi,</span> <span class='ocrx_word' id='word_1_46' title='bbox 215 763 246 816; x_wconf 86' lang='lat' dir='ltr'>et</span> <span class='ocrx_word' id='word_1_47' title='bbox 264 774 332 816; x_wconf 92' lang='lat' dir='ltr'>cum</span> <span class='ocrx_word' id='word_1_48' title='bbox 350 762 493 835; x_wconf 91' lang='lat' dir='ltr'>urgueret</span> <span class='ocrx_word' id='word_1_49' title='bbox 511 757 613 837; x_wconf 88' lang='lat' dir='ltr'>fames,</span> <span class='ocrx_word' id='word_1_50' title='bbox 637 757 850 836; x_wconf 81' lang='lat' dir='ltr'>aliquantisper</span> <span class='ocrx_word' id='word_1_51' title='bbox 868 758 937 817; x_wconf 90' lang='lat' dir='ltr'>inde</span> <span class='ocrx_word' id='word_1_52' title='bbox 957 759 1103 818; x_wconf 83' lang='lat' dir='ltr'>vixerunt.</span> 
     </span>
     <span class='ocr_line' id='line_1_8' title="bbox 93 845 1104 926; baseline 0.002 -22"><span class='ocrx_word' id='word_1_53' title='bbox 93 847 252 905; x_wconf 85' lang='lat' dir='ltr'>novissime</span> <span class='ocrx_word' id='word_1_54' title='bbox 281 845 439 905; x_wconf 91' lang='lat' dir='ltr'>consilium</span> <span class='ocrx_word' id='word_1_55' title='bbox 466 845 552 924; x_wconf 88' lang='lat' dir='ltr'>lugae</span> <span class='ocrx_word' id='word_1_56' title='bbox 581 846 670 926; x_wconf 83' lang='lat' dir='ltr'>sedit3</span> <span class='ocrx_word' id='word_1_57' title='bbox 699 846 751 905; x_wconf 91' lang='lat' dir='ltr'>sed</span> <span class='ocrx_word' id='word_1_58' title='bbox 779 846 835 905; x_wconf 92' lang='lat' dir='ltr'>boc</span> <span class='ocrx_word' id='word_1_59' title='bbox 864 864 982 925; x_wconf 87' lang='lat' dir='ltr'>quoque</span> <span class='ocrx_word' id='word_1_60' title='bbox 1007 849 1104 925; x_wconf 89' lang='lat' dir='ltr'>ruptis</span> 
     </span>
     <span class='ocr_line' id='line_1_9' title="bbox 97 933 1104 1014; baseline 0.001 -22"><span class='ocrx_word' id='word_1_61' title='bbox 97 950 235 1012; x_wconf 89' lang='lat' dir='ltr'>equorum</span> <span class='ocrx_word' id='word_1_62' title='bbox 268 933 395 1012; x_wconf 82' lang='lat' dir='ltr'>cingulis</span> <span class='ocrx_word' id='word_1_63' title='bbox 427 951 536 993; x_wconf 81' lang='lat' dir='ltr'>uxores</span> <span class='ocrx_word' id='word_1_64' title='bbox 570 934 722 1014; x_wconf 81' lang='lat' dir='ltr'>ademere,</span> <span class='ocrx_word' id='word_1_65' title='bbox 755 952 871 994; x_wconf 91' lang='lat' dir='ltr'>summo</span> <span class='ocrx_word' id='word_1_66' title='bbox 905 933 1017 995; x_wconf 92' lang='lat' dir='ltr'>scelere</span> <span class='ocrx_word' id='word_1_67' title='bbox 1049 953 1104 1013; x_wconf 89' lang='lat' dir='ltr'>per</span> 
     </span>
     <span class='ocr_line' id='line_1_10' title="bbox 98 1020 1157 1101; baseline -0.001 -20"><span class='ocrx_word' id='word_1_68' title='bbox 98 1038 230 1082; x_wconf 89' lang='lat' dir='ltr'>amorem.</span> <span class='ocrx_word' id='word_1_69' title='bbox 268 1023 368 1101; x_wconf 90' lang='lat' dir='ltr'>itaque</span> <span class='ocrx_word' id='word_1_70' title='bbox 391 1020 544 1101; x_wconf 91' lang='lat' dir='ltr'>deplorato</span> <span class='ocrx_word' id='word_1_71' title='bbox 568 1024 649 1082; x_wconf 83' lang='lat' dir='ltr'>exitu</span> <span class='ocrx_word' id='word_1_72' title='bbox 673 1025 704 1081; x_wconf 93' lang='lat' dir='ltr'>in</span> <span class='ocrx_word' id='word_1_73' title='bbox 728 1022 863 1082; x_wconf 86' lang='lat' dir='ltr'>ultimam</span> <span class='ocrx_word' id='word_1_74' title='bbox 886 1022 1000 1083; x_wconf 87' lang='lat' dir='ltr'>rabiem</span> <span class='ocrx_word' id='word_1_75' title='bbox 1023 1023 1103 1082; x_wconf 86' lang='lat' dir='ltr'>furo·</span> <span class='ocrx_word' id='word_1_76' title='bbox 1126 1032 1157 1080; x_wconf 79' lang='lat'>15</span> 
     </span>
     <span class='ocr_line' id='line_1_11' title="bbox 71 1109 1104 1190; baseline 0.002 -21"><span class='ocrx_word' id='word_1_77' title='bbox 71 1120 213 1190; x_wconf 68' lang='lat' dir='ltr'>oramque</span> <span class='ocrx_word' id='word_1_78' title='bbox 238 1113 387 1190; x_wconf 80' lang='lat' dir='ltr'>conversi,</span> <span class='ocrx_word' id='word_1_79' title='bbox 412 1117 564 1189; x_wconf 91' lang='lat' dir='ltr'>postremo</span> <span class='ocrx_word' id='word_1_80' title='bbox 587 1109 782 1189; x_wconf 84' lang='lat' dir='ltr'>Rhoecogene</span> <span class='ocrx_word' id='word_1_81' title='bbox 806 1111 881 1170; x_wconf 93' lang='lat' dir='ltr'>duce</span> <span class='ocrx_word' id='word_1_82' title='bbox 905 1130 936 1171; x_wconf 89' lang='lat' dir='ltr'>se</span> <span class='ocrx_word' id='word_1_83' title='bbox 961 1129 1031 1171; x_wconf 89' lang='lat' dir='ltr'>suos</span> <span class='ocrx_word' id='word_1_84' title='bbox 1053 1130 1104 1190; x_wconf 95' lang='lat' dir='ltr'>pa-</span> 
     </span>
     <span class='ocr_line' id='line_1_12' title="bbox 100 1198 1104 1278; baseline 0.001 -20"><span class='ocrx_word' id='word_1_85' title='bbox 100 1200 179 1258; x_wconf 89' lang='lat' dir='ltr'>triam</span> <span class='ocrx_word' id='word_1_86' title='bbox 215 1199 296 1259; x_wconf 91' lang='lat' dir='ltr'>lerro</span> <span class='ocrx_word' id='word_1_87' title='bbox 333 1217 446 1259; x_wconf 84' lang='lat' dir='ltr'>veneno</span> <span class='ocrx_word' id='word_1_88' title='bbox 485 1198 619 1259; x_wconf 91' lang='lat' dir='ltr'>subiecto</span> <span class='ocrx_word' id='word_1_89' title='bbox 652 1201 720 1277; x_wconf 88' lang='lat' dir='ltr'>igne</span> <span class='ocrx_word' id='word_1_90' title='bbox 753 1200 884 1278; x_wconf 91' lang='lat' dir='ltr'>undique</span> <span class='ocrx_word' id='word_1_91' title='bbox 915 1206 1104 1278; x_wconf 89' lang='lat' dir='ltr'>peregerunt.</span> 
     </span>
     <span class='ocr_line' id='line_1_13' title="bbox 102 1288 1157 1366; baseline -0.001 -17"><span class='ocrx_word' id='word_1_92' title='bbox 102 1294 184 1349; x_wconf 81' lang='lat' dir='ltr'>macte</span> <span class='ocrx_word' id='word_1_93' title='bbox 212 1288 407 1347; x_wconf 86' lang='lat' dir='ltr'>fortissimam</span> <span class='ocrx_word' id='word_1_94' title='bbox 439 1295 469 1346; x_wconf 91' lang='lat' dir='ltr'>et</span> <span class='ocrx_word' id='word_1_95' title='bbox 500 1306 567 1347; x_wconf 94' lang='lat' dir='ltr'>meo</span> <span class='ocrx_word' id='word_1_96' title='bbox 599 1288 709 1347; x_wconf 89' lang='lat' dir='ltr'>iudicio</span> <span class='ocrx_word' id='word_1_97' title='bbox 742 1288 944 1348; x_wconf 91' lang='lat' dir='ltr'>beatissimam</span> <span class='ocrx_word' id='word_1_98' title='bbox 971 1290 1002 1347; x_wconf 92' lang='lat' dir='ltr'>in</span> <span class='ocrx_word' id='word_1_99' title='bbox 1030 1290 1104 1366; x_wconf 93' lang='lat' dir='ltr'>ipsis</span> <span class='ocrx_word' id='word_1_100' title='bbox 1126 1299 1157 1348; x_wconf 87' lang='lat'>16</span> 
     </span>
     <span class='ocr_line' id='line_1_14' title="bbox 102 1375 1103 1456; baseline 0.002 -22"><span class='ocrx_word' id='word_1_101' title='bbox 102 1375 176 1439; x_wconf 89' lang='lat' dir='ltr'>malis</span> <span class='ocrx_word' id='word_1_102' title='bbox 200 1375 362 1436; x_wconf 76' lang='lat' dir='ltr'>civitatem!</span> <span class='ocrx_word' id='word_1_103' title='bbox 398 1375 531 1436; x_wconf 86' lang='lat' dir='ltr'>adseruit</span> <span class='ocrx_word' id='word_1_104' title='bbox 554 1394 623 1436; x_wconf 92' lang='lat' dir='ltr'>cum</span> <span class='ocrx_word' id='word_1_105' title='bbox 647 1376 703 1435; x_wconf 85' lang='lat' dir='ltr'>lide</span> <span class='ocrx_word' id='word_1_106' title='bbox 729 1379 835 1456; x_wconf 78' lang='lat' dir='ltr'>socios,</span> <span class='ocrx_word' id='word_1_107' title='bbox 857 1375 999 1456; x_wconf 92' lang='lat' dir='ltr'>populum</span> <span class='ocrx_word' id='word_1_108' title='bbox 1023 1376 1103 1436; x_wconf 92' lang='lat' dir='ltr'>orbis</span> 
     </span>
     <span class='ocr_line' id='line_1_15' title="bbox 103 1463 1104 1542; baseline 0 -19"><span class='ocrx_word' id='word_1_109' title='bbox 103 1468 239 1527; x_wconf 87' lang='lat' dir='ltr'>terrarum</span> <span class='ocrx_word' id='word_1_110' title='bbox 263 1464 377 1524; x_wconf 89' lang='lat' dir='ltr'>viribus</span> <span class='ocrx_word' id='word_1_111' title='bbox 400 1463 506 1524; x_wconf 90' lang='lat' dir='ltr'>lultum</span> <span class='ocrx_word' id='word_1_112' title='bbox 531 1482 583 1524; x_wconf 93' lang='lat' dir='ltr'>sua</span> <span class='ocrx_word' id='word_1_113' title='bbox 606 1482 697 1524; x_wconf 93' lang='lat' dir='ltr'>manu</span> <span class='ocrx_word' id='word_1_114' title='bbox 718 1472 812 1525; x_wconf 91' lang='lat' dir='ltr'>aetate</span> <span class='ocrx_word' id='word_1_115' title='bbox 830 1473 891 1524; x_wconf 91' lang='lat' dir='ltr'>tam</span> <span class='ocrx_word' id='word_1_116' title='bbox 910 1464 996 1542; x_wconf 90' lang='lat' dir='ltr'>longa</span> <span class='ocrx_word' id='word_1_117' title='bbox 1016 1467 1104 1524; x_wconf 92' lang='lat' dir='ltr'>susti-</span> 
     </span>
     <span class='ocr_line' id='line_1_16' title="bbox 73 1552 1104 1632; baseline 0.001 -21"><span class='ocrx_word' id='word_1_118' title='bbox 73 1555 166 1612; x_wconf 72' lang='lat' dir='ltr'>nont.</span> <span class='ocrx_word' id='word_1_119' title='bbox 215 1554 375 1613; x_wconf 85' lang='lat' dir='ltr'>novissime</span> <span class='ocrx_word' id='word_1_120' title='bbox 410 1555 538 1612; x_wconf 83' lang='lat' dir='ltr'>maximo</span> <span class='ocrx_word' id='word_1_121' title='bbox 571 1552 646 1614; x_wconf 94' lang='lat' dir='ltr'>duce</span> <span class='ocrx_word' id='word_1_122' title='bbox 680 1571 822 1632; x_wconf 89' lang='lat' dir='ltr'>oppressa</span> <span class='ocrx_word' id='word_1_123' title='bbox 854 1555 958 1613; x_wconf 89' lang='lat' dir='ltr'>civitas</span> <span class='ocrx_word' id='word_1_124' title='bbox 990 1552 1104 1613; x_wconf 91' lang='lat' dir='ltr'>nullum</span> 
     </span>
     <span class='ocr_line' id='line_1_17' title="bbox 103 1636 1156 1720; baseline 0 -22"><span class='ocrx_word' id='word_1_125' title='bbox 103 1638 133 1699; x_wconf 90' lang='lat' dir='ltr'>de</span> <span class='ocrx_word' id='word_1_126' title='bbox 154 1660 184 1701; x_wconf 94' lang='lat' dir='ltr'>se</span> <span class='ocrx_word' id='word_1_127' title='bbox 207 1636 347 1720; x_wconf 85' lang='lat' dir='ltr'>gaudium</span> <span class='ocrx_word' id='word_1_128' title='bbox 369 1641 449 1700; x_wconf 93' lang='lat' dir='ltr'>hosti</span> <span class='ocrx_word' id='word_1_129' title='bbox 472 1640 602 1719; x_wconf 89' lang='lat' dir='ltr'>reliquit.</span> <span class='ocrx_word' id='word_1_130' title='bbox 639 1659 717 1701; x_wconf 93' lang='lat' dir='ltr'>unus</span> <span class='ocrx_word' id='word_1_131' title='bbox 742 1644 821 1701; x_wconf 91' lang='lat' dir='ltr'>enim</span> <span class='ocrx_word' id='word_1_132' title='bbox 843 1644 888 1701; x_wconf 84' lang='lat' dir='ltr'>vir</span> <span class='ocrx_word' id='word_1_133' title='bbox 906 1640 1104 1701; x_wconf 92' lang='lat' dir='ltr'>Numantinus</span> <span class='ocrx_word' id='word_1_134' title='bbox 1125 1651 1156 1698; x_wconf 74' lang='lat'>17</span> 
     </span>
     <span class='ocr_line' id='line_1_18' title="bbox 54 1729 1104 1810; baseline 0.002 -24"><span class='ocrx_word' id='word_1_135' title='bbox 54 1792 61 1809; x_wconf 47' lang='grc' dir='ltr'>Ι</span> <span class='ocrx_word' id='word_1_136' title='bbox 102 1744 153 1788; x_wconf 94' lang='lat' dir='ltr'>non</span> <span class='ocrx_word' id='word_1_137' title='bbox 174 1730 230 1790; x_wconf 87' lang='lat' dir='ltr'>luit</span> <span class='ocrx_word' id='word_1_138' title='bbox 253 1731 305 1808; x_wconf 90' lang='lat' dir='ltr'>qui</span> <span class='ocrx_word' id='word_1_139' title='bbox 328 1731 360 1788; x_wconf 92' lang='lat' dir='ltr'>in</span> <span class='ocrx_word' id='word_1_140' title='bbox 383 1731 495 1789; x_wconf 89' lang='lat' dir='ltr'>catenis</span> <span class='ocrx_word' id='word_1_141' title='bbox 520 1729 692 1810; x_wconf 81' lang='lat' dir='ltr'>duceretur3</span> <span class='ocrx_word' id='word_1_142' title='bbox 715 1731 837 1810; x_wconf 81' lang='lat' dir='ltr'>praeda,</span> <span class='ocrx_word' id='word_1_143' title='bbox 861 1739 894 1791; x_wconf 91' lang='lat' dir='ltr'>ut</span> <span class='ocrx_word' id='word_1_144' title='bbox 917 1731 953 1790; x_wconf 93' lang='lat' dir='ltr'>de</span> <span class='ocrx_word' id='word_1_145' title='bbox 977 1749 1104 1809; x_wconf 91' lang='lat' dir='ltr'>pauper-</span> 
     </span>
     <span class='ocr_line' id='line_1_19' title="bbox 102 1817 1104 1899; baseline 0.001 -23"><span class='ocrx_word' id='word_1_146' title='bbox 102 1819 186 1899; x_wconf 86' lang='lat' dir='ltr'>rimis,</span> <span class='ocrx_word' id='word_1_147' title='bbox 209 1817 303 1878; x_wconf 91' lang='lat' dir='ltr'>nnlla:</span> <span class='ocrx_word' id='word_1_148' title='bbox 327 1836 407 1877; x_wconf 93' lang='lat' dir='ltr'>arma</span> <span class='ocrx_word' id='word_1_149' title='bbox 431 1819 491 1896; x_wconf 91' lang='lat' dir='ltr'>ipsi</span> <span class='ocrx_word' id='word_1_150' title='bbox 514 1825 728 1878; x_wconf 84' lang='lat' dir='ltr'>cremavenmt.</span> <span class='ocrx_word' id='word_1_151' title='bbox 769 1819 938 1898; x_wconf 84' lang='lat' dir='ltr'>triumphus</span> <span class='ocrx_word' id='word_1_152' title='bbox 961 1818 1018 1878; x_wconf 90' lang='lat' dir='ltr'>fuit</span> <span class='ocrx_word' id='word_1_153' title='bbox 1040 1825 1104 1877; x_wconf 88' lang='lat' dir='ltr'>tan-</span> 
     </span>
     <span class='ocr_line' id='line_1_20' title="bbox 101 1907 366 1968; baseline 0 -3"><span class='ocrx_word' id='word_1_154' title='bbox 101 1911 156 1965; x_wconf 89' lang='lat' dir='ltr'>tum</span> <span class='ocrx_word' id='word_1_155' title='bbox 177 1907 213 1966; x_wconf 95' lang='lat' dir='ltr'>de</span> <span class='ocrx_word' id='word_1_156' title='bbox 236 1908 366 1968; x_wconf 92' lang='lat' dir='ltr'>nomine.</span> 
     </span>
    </p>
   </div>
   <div class='ocr_carea' id='block_1_3' title="bbox 70 1989 1187 2341">
    <p class='ocr_par' dir='ltr' id='par_1_3' title="bbox 70 1989 1187 2341">
     <span class='ocr_line' id='line_1_21' title="bbox 70 1989 1187 2074; baseline -0.004 -19"><span class='ocrx_word' id='word_1_157' title='bbox 70 2000 91 2043; x_wconf 77' lang='lat'>¹⁰</span> <span class='ocrx_word' id='word_1_158' title='bbox 158 1993 306 2055; x_wconf 89' lang='lat' dir='ltr'>Hactenus</span> <span class='ocrx_word' id='word_1_159' title='bbox 338 1993 465 2073; x_wconf 93' lang='lat' dir='ltr'>populus</span> <span class='ocrx_word' id='word_1_160' title='bbox 495 1993 528 2053; x_wconf 89' lang='lat' dir='ltr'>R.</span> <span class='ocrx_word' id='word_1_161' title='bbox 556 1993 682 2073; x_wconf 89' lang='lat' dir='ltr'>pulcher</span> <span class='ocrx_word' id='word_1_162' title='bbox 713 1997 851 2074; x_wconf 88' lang='lat' dir='ltr'>egregius</span> <span class='ocrx_word' id='word_1_163' title='bbox 883 1998 951 2074; x_wconf 93' lang='lat' dir='ltr'>pius</span> <span class='ocrx_word' id='word_1_164' title='bbox 985 2003 1104 2055; x_wconf 91' lang='lat' dir='ltr'>sanctus</span> <span class='ocrx_word' id='word_1_165' title='bbox 1119 1989 1187 2071; x_wconf 88' lang='lat'><strong>11,1</strong></span> 
     </span>
     <span class='ocr_line' id='line_1_22' title="bbox 102 2081 1104 2163; baseline 0.002 -23"><span class='ocrx_word' id='word_1_166' title='bbox 102 2088 178 2162; x_wconf 87' lang='lat' dir='ltr'>atque</span> <span class='ocrx_word' id='word_1_167' title='bbox 201 2083 385 2163; x_wconf 87' lang='lat' dir='ltr'>magnificus,</span> <span class='ocrx_word' id='word_1_168' title='bbox 408 2082 523 2161; x_wconf 88' lang='lat' dir='ltr'>reliqua</span> <span class='ocrx_word' id='word_1_169' title='bbox 547 2081 657 2142; x_wconf 89' lang='lat' dir='ltr'>saeculi</span> <span class='ocrx_word' id='word_1_170' title='bbox 680 2089 713 2142; x_wconf 90' lang='lat' dir='ltr'>ut</span> <span class='ocrx_word' id='word_1_171' title='bbox 732 2084 853 2161; x_wconf 82' lang='lat' dir='ltr'>grandia</span> <span class='ocrx_word' id='word_1_172' title='bbox 873 2102 975 2162; x_wconf 89' lang='lat' dir='ltr'>aeque,</span> <span class='ocrx_word' id='word_1_173' title='bbox 999 2086 1039 2143; x_wconf 92' lang='lat' dir='ltr'>ita</span> <span class='ocrx_word' id='word_1_174' title='bbox 1058 2082 1104 2142; x_wconf 90' lang='lat' dir='ltr'>vel</span> 
     </span>
     <span class='ocr_line' id='line_1_23' title="bbox 100 2171 1103 2250; baseline 0.002 -21"><span class='ocrx_word' id='word_1_175' title='bbox 100 2174 183 2250; x_wconf 85' lang='lat' dir='ltr'>magis</span> <span class='ocrx_word' id='word_1_176' title='bbox 214 2171 334 2232; x_wconf 92' lang='lat' dir='ltr'>turbida</span> <span class='ocrx_word' id='word_1_177' title='bbox 367 2178 397 2232; x_wconf 89' lang='lat' dir='ltr'>et</span> <span class='ocrx_word' id='word_1_178' title='bbox 423 2171 509 2231; x_wconf 88' lang='lat' dir='ltr'>loeda</span> <span class='ocrx_word' id='word_1_179' title='bbox 539 2171 743 2231; x_wconf 88' lang='lat' dir='ltr'>crescentibus</span> <span class='ocrx_word' id='word_1_180' title='bbox 771 2190 839 2231; x_wconf 90' lang='lat' dir='ltr'>cum</span> <span class='ocrx_word' id='word_1_181' title='bbox 867 2174 930 2248; x_wconf 89' lang='lat' dir='ltr'>ipsa</span> <span class='ocrx_word' id='word_1_182' title='bbox 957 2174 1103 2248; x_wconf 87' lang='lat' dir='ltr'>magnitu-</span> 
     </span>
     <span class='ocr_line' id='line_1_24' title="bbox 101 2257 1139 2341; baseline -0.003 -22"><span class='ocrx_word' id='word_1_183' title='bbox 101 2257 160 2320; x_wconf 90' lang='lat' dir='ltr'>dine</span> <span class='ocrx_word' id='word_1_184' title='bbox 196 2261 316 2340; x_wconf 89' lang='lat' dir='ltr'>imperii</span> <span class='ocrx_word' id='word_1_185' title='bbox 346 2261 443 2341; x_wconf 80' lang='lat' dir='ltr'>vitiis3</span> <span class='ocrx_word' id='word_1_186' title='bbox 480 2259 553 2319; x_wconf 91' lang='lat' dir='ltr'>adeo</span> <span class='ocrx_word' id='word_1_187' title='bbox 590 2265 623 2318; x_wconf 91' lang='lat' dir='ltr'>ut</span> <span class='ocrx_word' id='word_1_188' title='bbox 656 2261 749 2336; x_wconf 88' lang='lat' dir='ltr'>siquis</span> <span class='ocrx_word' id='word_1_189' title='bbox 781 2259 857 2318; x_wconf 95' lang='lat' dir='ltr'>hanc</span> <span class='ocrx_word' id='word_1_190' title='bbox 887 2260 1006 2318; x_wconf 85' lang='lat' dir='ltr'>tertiam</span> <span class='ocrx_word' id='word_1_191' title='bbox 1039 2261 1139 2318; x_wconf 77' lang='lat' dir='ltr'>elusa</span> 
     </span>
    </p>
   </div>
   <div class='ocr_carea' id='block_1_4' title="bbox 99 2445 1106 3578">
    <p class='ocr_par' dir='ltr' id='par_1_4' title="bbox 99 2445 1106 3578">
     <span class='ocr_line' id='line_1_25' title="bbox 102 2445 1103 2516; baseline -0.003 -14"><span class='ocrx_word' id='word_1_192' title='bbox 102 2447 237 2514; x_wconf 67' lang='lat' dir='ltr'>(poabrior</span> <span class='ocrx_word' id='word_1_193' title='bbox 250 2447 262 2500; x_wconf 88' lang='lat' dir='ltr'>i</span> <span class='ocrx_word' id='word_1_194' title='bbox 275 2453 394 2502; x_wconf 78' lang='lat' dir='ltr'>correcta</span> <span class='ocrx_word' id='word_1_195' title='bbox 408 2463 442 2501; x_wconf 79' lang='lat' dir='ltr'>eac</span> <span class='ocrx_word' id='word_1_196' title='bbox 455 2463 470 2500; x_wconf 93' lang='lat' dir='ltr'>e</span> <span class='ocrx_word' id='word_1_197' title='bbox 484 2465 518 2501; x_wconf 83' lang='lat' dir='ltr'>m.</span> <span class='ocrx_word' id='word_1_198' title='bbox 529 2450 560 2516; x_wconf 83' lang='lat'>2)</span> <span class='ocrx_word' id='word_1_199' title='bbox 570 2447 605 2500; x_wconf 88' lang='lat' dir='ltr'><em>N</em></span> <span class='ocrx_word' id='word_1_200' title='bbox 614 2446 748 2516; x_wconf 86' lang='lat' dir='ltr'>indigena</span> <span class='ocrx_word' id='word_1_201' title='bbox 758 2447 785 2500; x_wconf 99' lang='lat' dir='ltr'><strong><em>L</em></strong></span> <span class='ocrx_word' id='word_1_202' title='bbox 798 2447 808 2515; x_wconf 93' lang='grc'>11</span> <span class='ocrx_word' id='word_1_203' title='bbox 821 2451 837 2497; x_wconf 76' lang='lat'>2</span> <span class='ocrx_word' id='word_1_204' title='bbox 853 2445 1038 2513; x_wconf 87' lang='lat' dir='ltr'>confessaque</span> <span class='ocrx_word' id='word_1_205' title='bbox 1050 2447 1103 2514; x_wconf 80' lang='lat' dir='ltr'>(at-</span> 
     </span>
     <span class='ocr_line' id='line_1_26' title="bbox 101 2515 1103 2588; baseline -0.002 -18"><span class='ocrx_word' id='word_1_206' title='bbox 101 2532 144 2584; x_wconf 87' lang='lat' dir='ltr'>que</span> <span class='ocrx_word' id='word_1_207' title='bbox 161 2521 222 2587; x_wconf 84' lang='lat' dir='ltr'>om.)</span> <span class='ocrx_word' id='word_1_208' title='bbox 242 2518 270 2571; x_wconf 99' lang='grc' dir='ltr'>Β</span> <span class='ocrx_word' id='word_1_209' title='bbox 286 2520 290 2588; x_wconf 99' lang='grc'>1</span> <span class='ocrx_word' id='word_1_210' title='bbox 306 2516 394 2571; x_wconf 83' lang='lat' dir='ltr'>lorica</span> <span class='ocrx_word' id='word_1_211' title='bbox 412 2534 462 2572; x_wconf 83' lang='lat' dir='ltr'>om.</span> <span class='ocrx_word' id='word_1_212' title='bbox 478 2518 505 2571; x_wconf 99' lang='lat' dir='ltr'><strong><em>L</em></strong></span> <span class='ocrx_word' id='word_1_213' title='bbox 519 2520 557 2586; x_wconf 86' lang='grc'>113</span> <span class='ocrx_word' id='word_1_214' title='bbox 578 2517 614 2571; x_wconf 87' lang='lat' dir='ltr'>ab</span> <span class='ocrx_word' id='word_1_215' title='bbox 635 2518 676 2584; x_wconf 81' lang='grc'>01</span> <span class='ocrx_word' id='word_1_216' title='bbox 693 2517 763 2571; x_wconf 90' lang='lat' dir='ltr'>duce</span> <span class='ocrx_word' id='word_1_217' title='bbox 782 2518 856 2585; x_wconf 81' lang='lat' dir='ltr'>(cote</span> <span class='ocrx_word' id='word_1_218' title='bbox 875 2517 893 2569; x_wconf 94' lang='lat' dir='ltr'>d</span> <span class='ocrx_word' id='word_1_219' title='bbox 912 2533 991 2572; x_wconf 80' lang='lat' dir='ltr'>erosa</span> <span class='ocrx_word' id='word_1_220' title='bbox 1011 2515 1039 2585; x_wconf 92' lang='lat' dir='ltr'>d)</span> <span class='ocrx_word' id='word_1_221' title='bbox 1053 2516 1081 2568; x_wconf 96' lang='grc' dir='ltr'>Β</span> <span class='ocrx_word' id='word_1_222' title='bbox 1094 2516 1103 2587; x_wconf 93' lang='grc'>11</span> 
     </span>
     <span class='ocr_line' id='line_1_27' title="bbox 100 2587 1103 2659; baseline 0 -20"><span class='ocrx_word' id='word_1_223' title='bbox 100 2590 217 2643; x_wconf 78' lang='lat' dir='ltr'>loranle</span> <span class='ocrx_word' id='word_1_224' title='bbox 231 2589 267 2643; x_wconf 91' lang='lat' dir='ltr'><strong><em>N</em></strong></span> <span class='ocrx_word' id='word_1_225' title='bbox 278 2592 282 2659; x_wconf 93' lang='grc'>1</span> <span class='ocrx_word' id='word_1_226' title='bbox 299 2590 328 2643; x_wconf 82' lang='lat' dir='ltr'>el</span> <span class='ocrx_word' id='word_1_227' title='bbox 341 2595 404 2643; x_wconf 76' lang='lat' dir='ltr'>octe</span> <span class='ocrx_word' id='word_1_228' title='bbox 418 2587 468 2640; x_wconf 88' lang='lat' dir='ltr'>ubi</span> <span class='ocrx_word' id='word_1_229' title='bbox 482 2589 546 2642; x_wconf 81' lang='lat' dir='ltr'>odd.</span> <span class='ocrx_word' id='word_1_230' title='bbox 557 2588 584 2641; x_wconf 94' lang='lat' dir='ltr'><strong><em>L</em></strong></span> <span class='ocrx_word' id='word_1_231' title='bbox 597 2591 636 2657; x_wconf 80' lang='grc'>115</span> <span class='ocrx_word' id='word_1_232' title='bbox 652 2588 692 2642; x_wconf 89' lang='lat' dir='ltr'>sic</span> <span class='ocrx_word' id='word_1_233' title='bbox 706 2591 732 2657; x_wconf 93' lang='lat' dir='ltr'>(c</span> <span class='ocrx_word' id='word_1_234' title='bbox 745 2605 832 2657; x_wconf 74' lang='lat' dir='ltr'>supro</span> <span class='ocrx_word' id='word_1_235' title='bbox 844 2591 960 2657; x_wconf 72' lang='lat' dir='ltr'>oeream)</span> <span class='ocrx_word' id='word_1_236' title='bbox 974 2589 1001 2641; x_wconf 94' lang='grc' dir='ltr'>Β</span> <span class='ocrx_word' id='word_1_237' title='bbox 1018 2590 1022 2656; x_wconf 93' lang='grc'>1</span> <span class='ocrx_word' id='word_1_238' title='bbox 1039 2603 1103 2640; x_wconf 91' lang='lat' dir='ltr'>con-</span> 
     </span>
     <span class='ocr_line' id='line_1_28' title="bbox 101 2658 1102 2783; baseline 0 -72"><span class='ocrx_word' id='word_1_239' title='bbox 101 2661 201 2714; x_wconf 76' lang='lat' dir='ltr'>seruata</span> <span class='ocrx_word' id='word_1_240' title='bbox 220 2660 248 2713; x_wconf 99' lang='grc' dir='ltr'>Β</span> <span class='ocrx_word' id='word_1_241' title='bbox 262 2661 302 2783; x_wconf 56' lang='grc'>1116</span> <span class='ocrx_word' id='word_1_242' title='bbox 320 2660 433 2729; x_wconf 84' lang='lat' dir='ltr'>urgeret</span> <span class='ocrx_word' id='word_1_243' title='bbox 450 2659 506 2713; x_wconf 93' lang='lat' dir='ltr'>BL</span> <span class='ocrx_word' id='word_1_244' title='bbox 521 2661 525 2726; x_wconf 94' lang='grc'>1</span> <span class='ocrx_word' id='word_1_245' title='bbox 542 2658 669 2712; x_wconf 76' lang='lat' dir='ltr'>uicerunt</span> <span class='ocrx_word' id='word_1_246' title='bbox 687 2660 714 2712; x_wconf 94' lang='grc' dir='ltr'>Β</span> <span class='ocrx_word' id='word_1_247' title='bbox 728 2661 768 2728; x_wconf 85' lang='grc'>118</span> <span class='ocrx_word' id='word_1_248' title='bbox 787 2659 892 2730; x_wconf 84' lang='lat' dir='ltr'>singuli</span> <span class='ocrx_word' id='word_1_249' title='bbox 908 2660 936 2712; x_wconf 90' lang='lat' dir='ltr'><em>B</em></span> <span class='ocrx_word' id='word_1_250' title='bbox 949 2662 959 2728; x_wconf 93' lang='grc'>11</span> <span class='ocrx_word' id='word_1_251' title='bbox 974 2663 1007 2711; x_wconf 87' lang='grc'>10</span> <span class='ocrx_word' id='word_1_252' title='bbox 1025 2661 1102 2728; x_wconf 89' lang='lat' dir='ltr'>post-</span> 
     </span>
     <span class='ocr_line' id='line_1_29' title="bbox 100 2728 1103 2800; baseline -0.001 -16"><span class='ocrx_word' id='word_1_253' title='bbox 100 2743 164 2784; x_wconf 84' lang='lat' dir='ltr'>remo</span> <span class='ocrx_word' id='word_1_254' title='bbox 182 2729 255 2785; x_wconf 86' lang='lat' dir='ltr'>mori</span> <span class='ocrx_word' id='word_1_255' title='bbox 289 2746 322 2784; x_wconf 92' lang='lat' dir='ltr'>oc</span> <span class='ocrx_word' id='word_1_256' title='bbox 334 2746 436 2799; x_wconf 86' lang='lat' dir='ltr'>genere</span> <span class='ocrx_word' id='word_1_257' title='bbox 451 2729 630 2783; x_wconf 81' lang='lat' dir='ltr'>destinarunt</span> <span class='ocrx_word' id='word_1_258' title='bbox 644 2730 728 2783; x_wconf 88' lang='lat' dir='ltr'>duces</span> <span class='ocrx_word' id='word_1_259' title='bbox 744 2747 808 2784; x_wconf 89' lang='lat' dir='ltr'>suos</span> <span class='ocrx_word' id='word_1_260' title='bbox 824 2747 909 2800; x_wconf 88' lang='lat' dir='ltr'>seque</span> <span class='ocrx_word' id='word_1_261' title='bbox 923 2728 1103 2800; x_wconf 83' lang='lat' dir='ltr'>patriamque</span> 
     </span>
     <span class='ocr_line' id='line_1_30' title="bbox 100 2796 1103 2870; baseline 0.006 -20"><span class='ocrx_word' id='word_1_262' title='bbox 100 2796 161 2856; x_wconf 87' lang='lat' dir='ltr'>lerro</span> <span class='ocrx_word' id='word_1_263' title='bbox 179 2802 209 2856; x_wconf 83' lang='lat' dir='ltr'>et</span> <span class='ocrx_word' id='word_1_264' title='bbox 226 2817 335 2856; x_wconf 87' lang='lat' dir='ltr'>ueneno</span> <span class='ocrx_word' id='word_1_265' title='bbox 354 2799 536 2869; x_wconf 69' lang='lat' dir='ltr'>subiectaeque</span> <span class='ocrx_word' id='word_1_266' title='bbox 555 2799 679 2868; x_wconf 89' lang='lat' dir='ltr'>undique</span> <span class='ocrx_word' id='word_1_267' title='bbox 694 2800 755 2869; x_wconf 89' lang='lat' dir='ltr'>igni</span> <span class='ocrx_word' id='word_1_268' title='bbox 767 2805 947 2870; x_wconf 87' lang='lat' dir='ltr'>peremerunt</span> <span class='ocrx_word' id='word_1_269' title='bbox 963 2802 991 2869; x_wconf 81' lang='lat'>0,</span> <span class='ocrx_word' id='word_1_270' title='bbox 1010 2803 1042 2856; x_wconf 83' lang='lat' dir='ltr'>de</span> <span class='ocrx_word' id='word_1_271' title='bbox 1056 2819 1103 2856; x_wconf 82' lang='lat' dir='ltr'>oo-</span> 
     </span>
     <span class='ocr_line' id='line_1_31' title="bbox 100 2870 1101 2941; baseline 0.004 -18"><span class='ocrx_word' id='word_1_272' title='bbox 100 2873 159 2928; x_wconf 75' lang='lat' dir='ltr'>oine</span> <span class='ocrx_word' id='word_1_273' title='bbox 172 2891 196 2928; x_wconf 87' lang='lat' dir='ltr'>o.</span> <span class='ocrx_word' id='word_1_274' title='bbox 212 2872 345 2927; x_wconf 79' lang='lat' dir='ltr'>Hnebner</span> <span class='ocrx_word' id='word_1_275' title='bbox 360 2874 376 2926; x_wconf 91' lang='lat' dir='ltr'>l.</span> <span class='ocrx_word' id='word_1_276' title='bbox 392 2889 413 2926; x_wconf 93' lang='lat' dir='ltr'>c.</span> <span class='ocrx_word' id='word_1_277' title='bbox 426 2889 454 2940; x_wconf 79' lang='lat' dir='ltr'>p.</span> <span class='ocrx_word' id='word_1_278' title='bbox 470 2877 529 2926; x_wconf 84' lang='lat'>260</span> <span class='ocrx_word' id='word_1_279' title='bbox 545 2873 549 2940; x_wconf 94' lang='grc'>1</span> <span class='ocrx_word' id='word_1_280' title='bbox 566 2870 651 2924; x_wconf 86' lang='lat' dir='ltr'>duces</span> <span class='ocrx_word' id='word_1_281' title='bbox 666 2874 689 2940; x_wconf 87' lang='lat' dir='ltr'>(s</span> <span class='ocrx_word' id='word_1_282' title='bbox 704 2875 793 2941; x_wconf 82' lang='lat' dir='ltr'>eraso)</span> <span class='ocrx_word' id='word_1_283' title='bbox 807 2873 835 2925; x_wconf 96' lang='grc' dir='ltr'>Β</span> <span class='ocrx_word' id='word_1_284' title='bbox 852 2876 855 2941; x_wconf 96' lang='grc'>1</span> <span class='ocrx_word' id='word_1_285' title='bbox 873 2890 903 2927; x_wconf 90' lang='lat' dir='ltr'>se</span> <span class='ocrx_word' id='word_1_286' title='bbox 917 2890 967 2928; x_wconf 83' lang='lat' dir='ltr'>om.</span> <span class='ocrx_word' id='word_1_287' title='bbox 983 2873 1023 2927; x_wconf 87' lang='lat' dir='ltr'>B:</span> <span class='ocrx_word' id='word_1_288' title='bbox 1038 2874 1101 2927; x_wconf 84' lang='lat' dir='ltr'>add.</span> 
     </span>
     <span class='ocr_line' id='line_1_32' title="bbox 100 2940 1104 3012; baseline 0.002 -20"><span class='ocrx_word' id='word_1_289' title='bbox 100 2940 206 2998; x_wconf 74' lang='lat' dir='ltr'>laoniae</span> <span class='ocrx_word' id='word_1_290' title='bbox 228 2944 237 3011; x_wconf 92' lang='grc'>11</span> <span class='ocrx_word' id='word_1_291' title='bbox 261 2948 293 2995; x_wconf 96' lang='grc'>11</span> <span class='ocrx_word' id='word_1_292' title='bbox 314 2941 439 2996; x_wconf 74' lang='lat' dir='ltr'>subiecto</span> <span class='ocrx_word' id='word_1_293' title='bbox 457 2943 574 3012; x_wconf 73' lang='lat' dir='ltr'>glossam</span> <span class='ocrx_word' id='word_1_294' title='bbox 588 2949 673 3011; x_wconf 73' lang='lat' dir='ltr'>potat</span> <span class='ocrx_word' id='word_1_295' title='bbox 686 2944 870 2998; x_wconf 73' lang='lat' dir='ltr'>Memnocones</span> <span class='ocrx_word' id='word_1_296' title='bbox 888 2946 897 3012; x_wconf 92' lang='grc'>11</span> <span class='ocrx_word' id='word_1_297' title='bbox 917 2949 949 2995; x_wconf 80' lang='lat'>12</span> <span class='ocrx_word' id='word_1_298' title='bbox 969 2943 1063 2996; x_wconf 78' lang='lat' dir='ltr'>macte</span> <span class='ocrx_word' id='word_1_299' title='bbox 1081 2944 1104 3011; x_wconf 81' lang='lat' dir='ltr'>(t</span> 
     </span>
     <span class='ocr_line' id='line_1_33' title="bbox 99 3011 1101 3084; baseline -0.001 -19"><span class='ocrx_word' id='word_1_300' title='bbox 99 3013 202 3084; x_wconf 78' lang='lat' dir='ltr'>a.1(?)</span> <span class='ocrx_word' id='word_1_301' title='bbox 221 3020 342 3068; x_wconf 77' lang='lat' dir='ltr'>correcta</span> <span class='ocrx_word' id='word_1_302' title='bbox 359 3030 394 3068; x_wconf 83' lang='lat' dir='ltr'>eac</span> <span class='ocrx_word' id='word_1_303' title='bbox 412 3013 432 3084; x_wconf 85' lang='lat' dir='ltr'>i)</span> <span class='ocrx_word' id='word_1_304' title='bbox 446 3013 474 3066; x_wconf 93' lang='grc' dir='ltr'>Β</span> <span class='ocrx_word' id='word_1_305' title='bbox 492 3015 585 3066; x_wconf 86' lang='lat' dir='ltr'>macte</span> <span class='ocrx_word' id='word_1_306' title='bbox 604 3016 701 3083; x_wconf 76' lang='lat' dir='ltr'>(capra</span> <span class='ocrx_word' id='word_1_307' title='bbox 720 3030 801 3068; x_wconf 84' lang='lat' dir='ltr'>acm.</span> <span class='ocrx_word' id='word_1_308' title='bbox 817 3011 1085 3081; x_wconf 73' lang='lat' dir='ltr'>21=reqoire)N</span> <span class='ocrx_word' id='word_1_309' title='bbox 1098 3013 1101 3082; x_wconf 95' lang='grc'>1</span> 
     </span>
     <span class='ocr_line' id='line_1_34' title="bbox 101 3080 1103 3155; baseline -0.004 -18"><span class='ocrx_word' id='word_1_310' title='bbox 101 3095 149 3138; x_wconf 78' lang='lat' dir='ltr'>esse</span> <span class='ocrx_word' id='word_1_311' title='bbox 167 3091 230 3139; x_wconf 78' lang='lat' dir='ltr'>onte</span> <span class='ocrx_word' id='word_1_312' title='bbox 248 3083 433 3138; x_wconf 82' lang='lat' dir='ltr'>fortissimam</span> <span class='ocrx_word' id='word_1_313' title='bbox 450 3086 514 3139; x_wconf 80' lang='lat' dir='ltr'>odd.</span> <span class='ocrx_word' id='word_1_314' title='bbox 534 3085 624 3139; x_wconf 78' lang='lat' dir='ltr'>codd:</span> <span class='ocrx_word' id='word_1_315' title='bbox 644 3086 695 3139; x_wconf 83' lang='lat' dir='ltr'>del.</span> <span class='ocrx_word' id='word_1_316' title='bbox 714 3103 756 3155; x_wconf 73' lang='lat' dir='ltr'>cp.</span> <span class='ocrx_word' id='word_1_317' title='bbox 776 3086 869 3139; x_wconf 81' lang='lat' dir='ltr'>macte</span> <span class='ocrx_word' id='word_1_318' title='bbox 889 3085 959 3137; x_wconf 83' lang='lat' dir='ltr'>este!</span> <span class='ocrx_word' id='word_1_319' title='bbox 983 3080 1103 3135; x_wconf 84' lang='lat' dir='ltr'>fortissi-</span> 
     </span>
     <span class='ocr_line' id='line_1_35' title="bbox 100 3152 1103 3225; baseline 0.001 -20"><span class='ocrx_word' id='word_1_320' title='bbox 100 3167 162 3208; x_wconf 85' lang='lat' dir='ltr'>mam</span> <span class='ocrx_word' id='word_1_321' title='bbox 181 3155 327 3225; x_wconf 80' lang='lat' dir='ltr'>Haoptc&#39;nc</span> <span class='ocrx_word' id='word_1_322' title='bbox 351 3157 355 3225; x_wconf 93' lang='grc'>1</span> <span class='ocrx_word' id='word_1_323' title='bbox 381 3156 410 3210; x_wconf 80' lang='lat' dir='ltr'>et</span> <span class='ocrx_word' id='word_1_324' title='bbox 432 3154 462 3207; x_wconf 92' lang='lat' dir='ltr'>in</span> <span class='ocrx_word' id='word_1_325' title='bbox 485 3171 518 3208; x_wconf 91' lang='lat' dir='ltr'>eo</span> <span class='ocrx_word' id='word_1_326' title='bbox 537 3154 564 3207; x_wconf 96' lang='lat' dir='ltr'><strong><em>L</em></strong></span> <span class='ocrx_word' id='word_1_327' title='bbox 586 3158 595 3224; x_wconf 91' lang='grc'>11</span> <span class='ocrx_word' id='word_1_328' title='bbox 619 3160 652 3207; x_wconf 84' lang='grc'>13</span> <span class='ocrx_word' id='word_1_329' title='bbox 676 3154 723 3208; x_wconf 91' lang='lat' dir='ltr'>uel</span> <span class='ocrx_word' id='word_1_330' title='bbox 747 3156 886 3223; x_wconf 78' lang='lat' dir='ltr'>desupra</span> <span class='ocrx_word' id='word_1_331' title='bbox 905 3152 1032 3207; x_wconf 77' lang='lat' dir='ltr'>adseruit</span> <span class='ocrx_word' id='word_1_332' title='bbox 1055 3153 1087 3206; x_wconf 87' lang='lat' dir='ltr'><strong><em>N</em></strong></span> <span class='ocrx_word' id='word_1_333' title='bbox 1093 3153 1103 3182; x_wconf 80' lang='lat'><strong>²</strong></span> 
     </span>
     <span class='ocr_line' id='line_1_36' title="bbox 101 3222 1104 3295; baseline -0.006 -15"><span class='ocrx_word' id='word_1_334' title='bbox 101 3223 211 3280; x_wconf 74' lang='lat' dir='ltr'>adeunt</span> <span class='ocrx_word' id='word_1_335' title='bbox 227 3227 254 3280; x_wconf 95' lang='lat' dir='ltr'><strong><em>L</em></strong></span> <span class='ocrx_word' id='word_1_336' title='bbox 269 3228 274 3295; x_wconf 94' lang='grc'>1</span> <span class='ocrx_word' id='word_1_337' title='bbox 296 3244 316 3282; x_wconf 89' lang='lat' dir='ltr'>s.</span> <span class='ocrx_word' id='word_1_338' title='bbox 335 3243 357 3281; x_wconf 82' lang='lat' dir='ltr'>r.</span> <span class='ocrx_word' id='word_1_339' title='bbox 377 3227 422 3294; x_wconf 90' lang='lat'>(=</span> <span class='ocrx_word' id='word_1_340' title='bbox 436 3226 537 3280; x_wconf 78' lang='lat' dir='ltr'>scilicet</span> <span class='ocrx_word' id='word_1_341' title='bbox 554 3228 708 3295; x_wconf 68' lang='lat' dir='ltr'>romaicam)</span> <span class='ocrx_word' id='word_1_342' title='bbox 727 3243 812 3294; x_wconf 79' lang='lat' dir='ltr'>snpra</span> <span class='ocrx_word' id='word_1_343' title='bbox 829 3224 966 3295; x_wconf 90' lang='lat' dir='ltr'>populum</span> <span class='ocrx_word' id='word_1_344' title='bbox 980 3224 1014 3277; x_wconf 88' lang='lat' dir='ltr'><em>N</em></span> <span class='ocrx_word' id='word_1_345' title='bbox 1017 3222 1027 3252; x_wconf 82' lang='lat'><strong>²</strong></span> <span class='ocrx_word' id='word_1_346' title='bbox 1040 3225 1050 3290; x_wconf 91' lang='grc'>11</span> <span class='ocrx_word' id='word_1_347' title='bbox 1070 3228 1104 3274; x_wconf 85' lang='grc'>14</span> 
     </span>
     <span class='ocr_line' id='line_1_37' title="bbox 100 3292 1079 3367; baseline -0.005 -17"><span class='ocrx_word' id='word_1_348' title='bbox 100 3292 149 3350; x_wconf 73' lang='lat' dir='ltr'>lun</span> <span class='ocrx_word' id='word_1_349' title='bbox 161 3304 226 3367; x_wconf 77' lang='lat' dir='ltr'>poet</span> <span class='ocrx_word' id='word_1_350' title='bbox 243 3296 347 3351; x_wconf 75' lang='lat' dir='ltr'>fultum</span> <span class='ocrx_word' id='word_1_351' title='bbox 361 3297 424 3352; x_wconf 86' lang='lat' dir='ltr'>add.</span> <span class='ocrx_word' id='word_1_352' title='bbox 440 3297 468 3349; x_wconf 94' lang='grc' dir='ltr'>Β</span> <span class='ocrx_word' id='word_1_353' title='bbox 485 3298 488 3364; x_wconf 94' lang='grc'>1</span> <span class='ocrx_word' id='word_1_354' title='bbox 504 3312 594 3365; x_wconf 85' lang='lat' dir='ltr'>parua</span> <span class='ocrx_word' id='word_1_355' title='bbox 607 3313 694 3350; x_wconf 90' lang='lat' dir='ltr'>manu</span> <span class='ocrx_word' id='word_1_356' title='bbox 708 3297 744 3364; x_wconf 91' lang='lat' dir='ltr'>B,</span> <span class='ocrx_word' id='word_1_357' title='bbox 764 3303 794 3350; x_wconf 79' lang='lat' dir='ltr'>ot</span> <span class='ocrx_word' id='word_1_358' title='bbox 806 3315 830 3350; x_wconf 84' lang='lat' dir='ltr'>e.</span> <span class='ocrx_word' id='word_1_359' title='bbox 846 3297 989 3364; x_wconf 72' lang='lat' dir='ltr'>Scioppius</span> <span class='ocrx_word' id='word_1_360' title='bbox 999 3312 1028 3362; x_wconf 79' lang='lat' dir='ltr'>p.</span> <span class='ocrx_word' id='word_1_361' title='bbox 1046 3298 1079 3345; x_wconf 88' lang='lat'>11</span> 
     </span>
     <span class='ocr_line' id='line_1_38' title="bbox 102 3365 1080 3447; baseline -0.002 -29"><span class='ocrx_word' id='word_1_362' title='bbox 102 3368 127 3417; x_wconf 78' lang='lat'>15</span> <span class='ocrx_word' id='word_1_363' title='bbox 141 3367 218 3421; x_wconf 86' lang='lat' dir='ltr'>nullo</span> <span class='ocrx_word' id='word_1_364' title='bbox 232 3368 260 3421; x_wconf 91' lang='grc' dir='ltr'>Β</span> <span class='ocrx_word' id='word_1_365' title='bbox 277 3369 287 3438; x_wconf 93' lang='grc'>11</span> <span class='ocrx_word' id='word_1_366' title='bbox 306 3372 339 3420; x_wconf 78' lang='grc'>17</span> <span class='ocrx_word' id='word_1_367' title='bbox 356 3366 529 3437; x_wconf 85' lang='lat' dir='ltr'>pauperibus</span> <span class='ocrx_word' id='word_1_368' title='bbox 546 3367 636 3436; x_wconf 81' lang='grc'>01118</span> <span class='ocrx_word' id='word_1_369' title='bbox 656 3368 849 3420; x_wconf 79' lang='lat' dir='ltr'>cremaverant</span> <span class='ocrx_word' id='word_1_370' title='bbox 862 3384 903 3447; x_wconf 82' lang='lat' dir='ltr'>op.</span> <span class='ocrx_word' id='word_1_371' title='bbox 920 3369 924 3435; x_wconf 94' lang='grc'>1</span> <span class='ocrx_word' id='word_1_372' title='bbox 941 3367 1037 3418; x_wconf 79' lang='lat' dir='ltr'>tantus</span> <span class='ocrx_word' id='word_1_373' title='bbox 1052 3365 1080 3417; x_wconf 94' lang='grc' dir='ltr'>Β</span> 
     </span>
     <span class='ocr_line' id='line_1_39' title="bbox 101 3434 1106 3507; baseline 0.003 -19"><span class='ocrx_word' id='word_1_374' title='bbox 101 3438 127 3488; x_wconf 77' lang='lat'>20</span> <span class='ocrx_word' id='word_1_375' title='bbox 142 3438 218 3493; x_wconf 89' lang='lat' dir='ltr'>Haec</span> <span class='ocrx_word' id='word_1_376' title='bbox 235 3439 318 3493; x_wconf 79' lang='lat' dir='ltr'>tenus</span> <span class='ocrx_word' id='word_1_377' title='bbox 333 3439 360 3492; x_wconf 95' lang='grc' dir='ltr'>Β</span> <span class='ocrx_word' id='word_1_378' title='bbox 376 3441 380 3507; x_wconf 94' lang='grc'>1</span> <span class='ocrx_word' id='word_1_379' title='bbox 396 3437 460 3507; x_wconf 92' lang='lat' dir='ltr'>plus</span> <span class='ocrx_word' id='word_1_380' title='bbox 479 3438 507 3491; x_wconf 99' lang='grc' dir='ltr'>Β</span> <span class='ocrx_word' id='word_1_381' title='bbox 527 3439 537 3505; x_wconf 95' lang='grc'>11</span> <span class='ocrx_word' id='word_1_382' title='bbox 557 3443 590 3490; x_wconf 78' lang='grc'>21</span> <span class='ocrx_word' id='word_1_383' title='bbox 611 3438 703 3506; x_wconf 89' lang='lat' dir='ltr'>adque</span> <span class='ocrx_word' id='word_1_384' title='bbox 722 3438 750 3490; x_wconf 93' lang='lat' dir='ltr'><strong><em>B</em></strong></span> <span class='ocrx_word' id='word_1_385' title='bbox 766 3440 770 3506; x_wconf 93' lang='grc'>1</span> <span class='ocrx_word' id='word_1_386' title='bbox 786 3438 977 3507; x_wconf 79' lang='lat' dir='ltr'>grandraeque</span> <span class='ocrx_word' id='word_1_387' title='bbox 997 3436 1024 3488; x_wconf 93' lang='lat' dir='ltr'><em>B</em></span> <span class='ocrx_word' id='word_1_388' title='bbox 1040 3439 1044 3503; x_wconf 95' lang='grc'>1</span> <span class='ocrx_word' id='word_1_389' title='bbox 1061 3434 1106 3491; x_wconf 75' lang='lat' dir='ltr'>ito</span> 
     </span>
     <span class='ocr_line' id='line_1_40' title="bbox 101 3507 1018 3578; baseline 0.003 -19"><span class='ocrx_word' id='word_1_390' title='bbox 101 3507 180 3578; x_wconf 82' lang='lat' dir='ltr'>magia</span> <span class='ocrx_word' id='word_1_391' title='bbox 197 3509 313 3563; x_wconf 79' lang='lat' dir='ltr'>turbida</span> <span class='ocrx_word' id='word_1_392' title='bbox 332 3511 360 3563; x_wconf 79' lang='lat' dir='ltr'>et</span> <span class='ocrx_word' id='word_1_393' title='bbox 377 3509 462 3563; x_wconf 84' lang='lat' dir='ltr'>foeda</span> <span class='ocrx_word' id='word_1_394' title='bbox 479 3508 559 3562; x_wconf 81' lang='lat' dir='ltr'>velut</span> <span class='ocrx_word' id='word_1_395' title='bbox 578 3508 767 3562; x_wconf 85' lang='lat' dir='ltr'>crescentibus</span> <span class='ocrx_word' id='word_1_396' title='bbox 786 3510 1018 3578; x_wconf 76' lang='lat' dir='ltr'>Bezzenberperaa</span> 
     </span>
    </p>
   </div>
   <div class='ocr_carea' id='block_1_5' title="bbox 856 3597 889 3652">
    <p class='ocr_par' dir='ltr' id='par_1_5' title="bbox 856 3597 889 3652">
     <span class='ocr_line' id='line_1_41' title="bbox 856 3597 889 3652; baseline 0 -26"><span class='ocrx_word' id='word_1_397' title='bbox 856 3597 889 3652; x_wconf 56' lang='grc' dir='ltr'>ὃ*</span> 
     </span>
    </p>
   </div>
   <div class='ocr_carea' id='block_1_6' title="bbox 0 0 1201 3922">
    <p class='ocr_par' dir='ltr' id='par_1_6' title="bbox 0 0 1201 3922">
     <span class='ocr_line' id='line_1_42' title="bbox 0 0 1201 3922; baseline 0 0"><span class='ocrx_word' id='word_1_398' title='bbox 0 0 1201 3922; x_wconf 95' lang='lat' dir='ltr'> </span> 
     </span>
    </p>
   </div>
  </div>
 </body>
</html>
