2386 3922
426 153 451 223 1,
470 159 513 209 ie.
532 158 567 207 4⁷
586 153 647 223 (ΠΙ,
668 158 790 224 11-12).
1044 155 1109 221 113

93 323 191 401 aurei,
221 322 286 381 sine
314 310 438 400 flagitio,
467 322 530 380 sine
559 321 685 400 scelere,
713 321 784 381 dum
812 324 925 382 sincera
955 323 1049 383 adhuc
1078 331 1109 385 et

92 412 216 470 innoxia
232 411 381 490 pastoriae
400 409 480 470 illius
500 418 597 470 sectas
614 411 778 489 integritas,
797 410 924 489 dumque
939 411 1107 472 Poenorum

94 498 227 560 hostium
248 500 399 559 inminens
423 504 520 558 metus
545 498 732 577 disciplinam
754 505 885 559 veterem
909 499 1106 561 continebant.

95 589 209 667 posteri
232 594 362 667 centum,
385 605 459 666 quos
479 605 495 647 a
514 585 699 665 Carthaginis
719 585 852 647 Corinthi
871 587 1104 667 Numantiaeque
1124 602 1142 650 a

77 676 221 738 sexcidiis
249 682 280 737 et
301 675 390 736 Attali
417 677 497 754 regis
520 675 647 736 Asiatica
676 675 839 736 hereditate
868 676 1044 737 deduximus
1073 680 1104 739 in

100 764 253 826 Caesarem
277 771 307 825 et
326 764 502 844 Pompeium
525 769 720 842 secutumque
744 762 807 844 hos,
831 765 943 844 dequo
963 765 1106 846 dicemus,

102 853 274 934 Augustum,
306 861 340 914 ut
371 853 503 913 claritate
535 871 637 913 rerum
660 852 833 913 bellicarum
864 855 1026 933 magnifici,
1064 857 1106 914 ita

104 941 268 1003 domesticis
295 941 429 1002 cladibus
456 943 560 1001 miseri
587 949 617 1001 et
645 941 848 1002 erubescendi.
895 945 1004 1021 quippo
1028 945 1141 1005 sicuti

105 1029 219 1091 Galliam
242 1030 411 1110 Thraciam,
435 1029 569 1090 Ciliciam
592 1028 820 1110 Cappadociam,
843 1029 1009 1091 uberrimas
1035 1031 1105 1091 vali·

60 1118 293 1199 ‚²-adissimasque
320 1121 502 1199 provincias,
529 1117 684 1179 Armenios
710 1121 799 1178 etiam
822 1127 852 1179 et
874 1119 1044 1199 Britannos,
1072 1127 1105 1180 ut

60 1262 62 1269 .
106 1225 157 1268 non
184 1210 217 1269 in
240 1226 341 1289 usum,
369 1210 409 1268 ita
432 1207 469 1268 ad
491 1209 611 1286 imperii
634 1209 763 1286 speciem
786 1226 890 1287 magna
913 1211 1032 1269 nomina
1055 1209 1104 1268 ad·

60 1274 64 1363 l
108 1298 225 1374 quisisse
248 1296 407 1376 pulchrum
430 1315 464 1357 ac
488 1295 642 1376 decorum3
671 1298 711 1356 ita
734 1296 838 1356 eodem
861 1303 994 1375 tempore
1018 1297 1140 1358 dimi-a

108 1402 178 1446 casse
211 1385 292 1445 domi
328 1403 396 1447 cum
431 1384 545 1445 civibus
574 1386 677 1464 sociis,
709 1387 864 1464 mancipiis
893 1385 1104 1464 gladiatoribus

107 1479 216 1553 totoque
252 1476 332 1536 inter
370 1493 402 1534 se
435 1480 539 1534 senatu
572 1480 658 1552 turpe
691 1481 777 1552 atque
809 1474 1018 1535 miserandum.
1070 1491 1139 1540 aco

60 1565 197 1641 ¹unescio
225 1581 263 1624 an
290 1565 382 1623 satius
410 1563 500 1622 luerit
527 1561 635 1641 populo
664 1560 697 1621 li.
722 1561 822 1622 Sicilia
852 1571 882 1623 et
909 1563 1006 1623 Africa
1033 1582 1103 1624 con·

60 1658 62 1667 '
106 1657 176 1712 tento
200 1652 301 1732 luisse,
324 1659 375 1712 aut
396 1651 444 1710 his
467 1652 556 1710 etiam
575 1652 649 1730 ipsis
668 1669 769 1711 carere
789 1651 952 1712 dominanti
971 1654 1002 1712 in
1020 1651 1104 1713 ltalia

60 1742 62 1749 '
107 1757 150 1800 sua
177 1758 265 1820 quam
293 1758 328 1800 eo
356 1739 569 1818 magnitudinis
597 1756 732 1800 crescere
756 1747 789 1800 ut
811 1739 924 1800 viribus
948 1742 1010 1801 suis
1034 1759 1103 1801 con-

106 1828 242 1890 ficeretur.
281 1847 355 1908 quae
374 1830 455 1890 enim
473 1846 522 1888 res
546 1827 601 1888 alia
623 1827 724 1888 civiles
743 1828 860 1889 furores
878 1831 995 1909 peperit
1014 1849 1103 1908 quam
1122 1845 1137 1894 t

105 1914 203 1979 nimiae
232 1913 412 1978 felicitates?
458 1916 542 1996 Syria
569 1919 742 1996 primanos
765 1919 841 1978 victa
865 1920 1011 2000 corrupit,
1033 1938 1101 1979 mox

60 1998 222 2067 ''alsiatica
245 2006 421 2085 Pergameni
447 2007 527 2083 regis
553 2004 711 2066 hereditas.
756 2006 823 2066 illae
852 2025 923 2086 opes
946 2014 1034 2087 atque
1058 2009 1138 2073 dia

106 2096 184 2156 vitiae
207 2095 348 2156 adflixere
372 2093 484 2155 saeculi
506 2112 606 2154 mores
628 2112 815 2174 mersamque
834 2097 915 2155 vitiis
935 2098 997 2156 suis
1017 2100 1102 2175 quasi

104 2187 209 2245 sentina
232 2202 297 2244 rem
319 2202 348 2263 p.
371 2200 492 2262 pessum
516 2182 634 2243 dedere.
671 2182 750 2243 unde
775 2185 854 2243 enim
877 2183 1004 2263 populus
1027 2185 1060 2244 R.
1084 2204 1100 2244 a

104 2271 222 2334 tribunis
250 2290 337 2352 agros
365 2279 395 2333 et
420 2271 531 2332 cibaria
554 2271 700 2350 flagitaret
722 2273 782 2332 nisi
804 2290 859 2351 per
882 2271 988 2331 samem
1012 2291 1100 2350 quam

163 2539 177 2586 1
202 2531 296 2586 aureis
320 2531 379 2585 sine
398 2531 425 2585 L
447 2534 456 2601 ll
479 2537 495 2584 3
513 2529 662 2584 imminens
680 2530 708 2583 Β
731 2531 740 2599 ll
763 2534 781 2582 4
797 2529 932 2599 postremi
951 2530 975 2585 0
996 2535 1000 2599 Ι
1025 2531 1101 2599 quod

106 2598 127 2653 Β
145 2604 150 2672 Ι
172 2601 365 2672 achaitaginis
383 2604 412 2658 Β
435 2601 632 2656 achartaGinis
651 2600 697 2672 (Gi
718 2618 805 2670 supra
821 2603 936 2671 casum)
954 2602 982 2655 L
1006 2604 1010 2671 Ι
1036 2603 1100 2656 cho-

106 2668 160 2726 1inti
172 2674 199 2729 L
217 2675 227 2743 Ι
246 2678 263 2727 t
281 2673 447 2727 deduximus
466 2675 559 2743 (prior
576 2672 596 2725 d
611 2678 730 2728 carecta
743 2689 777 2727 ea
790 2675 813 2738 r)
827 2673 856 2725 B
873 2674 883 2742 ΙΙ
901 2673 1099 2742 6ponpeium.

107 2738 359 2814 Llsequutumque
373 2745 402 2799 Β
417 2745 421 2813 Ι
438 2743 570 2799 dicimus:
588 2761 657 2799 corr.
673 2743 747 2798 Voss.
762 2743 854 2797 Palat.
868 2746 878 2812 l
893 2748 908 2797 '1
927 2745 957 2798 et
970 2744 1099 2800 claritate

107 2810 148 2884 01
167 2822 184 2870 2
207 2815 297 2887 galba
319 2816 348 2870 B
366 2815 371 2886 Ι
392 2814 513 2869 siciliam
531 2817 559 2870 B
579 2817 583 2885 Ι
604 2812 787 2884 capadociam
805 2814 832 2867 L
854 2816 863 2883 ΙΙ
887 2819 920 2869 10
944 2816 1098 2870 carmenios

107 2882 184 2952 (prior
202 2902 218 2940 e
240 2888 388 2957 exptmcta)
406 2888 433 2941 L
458 2889 463 2955 Ι
487 2889 516 2940 et
538 2885 698 2940 brittannos
715 2909 727 2934 a
744 2884 831 2938 etiam
853 2885 880 2938 L
905 2887 909 2954 Ι
933 2886 1098 2940 brettannos

107 2952 240 3023 (maurim
261 2959 275 3011 t
297 2959 395 3026 deleta)
413 2957 442 3011 Β
463 2956 622 3011 brittannos
641 2958 674 3010 N
688 2959 698 3025 ΙΙ
719 2961 751 3009 11
770 2972 828 3009 non
845 2954 969 3009 inuisum
987 2957 1015 3009 B
1034 2959 1043 3026 ll
1065 2963 1098 3010 12

104 3026 243 3097 ttquisisse
256 3029 285 3083 Β
303 3027 466 3096 adquesisse
485 3027 506 3097 (i
523 3045 609 3097 supra
623 3030 745 3098 podorem
759 3043 774 3081 e
788 3045 822 3082 aa.
837 3029 867 3097 2)
882 3027 916 3080 N
926 3026 1098 3095 adquisiisse

60 3142 62 3149 .
103 3094 144 3167 L!
156 3106 191 3184 12
202 3099 351 3169 pulchrum
365 3099 396 3168 (h
408 3116 494 3168 capra
507 3100 623 3182 casada)
636 3100 664 3153 B
680 3101 684 3168 Ι
699 3098 754 3152 hac
767 3098 795 3151 Β
809 3101 818 3168 ΙΙ
833 3104 866 3152 14
876 3100 956 3180 turre
970 3103 999 3167 (p
1013 3115 1099 3181 supra

60 3152 66 3299 l
98 3168 1099 3311 22212122122211211111122

98 3310 140 3365 N*
152 3314 162 3383 Ι
176 3318 209 3366 16
226 3327 341 3382 parcere
359 3312 387 3365 Β
403 3315 408 3378 1
424 3311 581 3366 dominanti
598 3313 745 3382 (posterior
762 3310 773 3364 i
791 3329 877 3380 supra
894 3328 1000 3366 oeream
1017 3315 1099 3382 212)

93 3380 128 3439 Ν
137 3384 148 3453 Ι
166 3388 200 3438 18
224 3382 299 3438 enim
320 3400 407 3453 saproc
427 3400 533 3437 oasam
550 3384 577 3437 L
595 3384 604 3451 ΙΙ
624 3386 657 3435 19
677 3381 782 3436 nimiae
800 3382 945 3436 felicitatis
964 3383 992 3436 Β
1009 3382 1100 3437 nimia

91 3451 213 3509 felicitas
233 3455 257 3510 0
274 3456 278 3522 Ι
298 3452 438 3526 coruplpit
455 3455 482 3508 L
501 3455 510 3522 ΙΙ
531 3459 564 3507 21
584 3453 695 3507 afficere
718 3456 749 3508 ia
768 3453 891 3507 afflixere
909 3457 1026 3510 mutavit
1044 3455 1070 3508 L
1088 3456 1100 3526 gl

90 3530 125 3581 22
142 3524 186 3580 rei
203 3524 317 3595 publice
336 3526 363 3578 L
376 3527 385 3595 ll
399 3530 433 3578 23
452 3524 546 3578 famen
564 3525 591 3578 L

137 3624 227 3667 riom
240 3625 275 3665 sd.
289 3624 315 3666 0.
330 3624 484 3666 Rossbach
870 3617 890 3667 Β
