<?xml version="1.0" encoding="UTF-8"?>
<!DOCTYPE html PUBLIC "-//W3C//DTD XHTML 1.0 Transitional//EN"
    "http://www.w3.org/TR/xhtml1/DTD/xhtml1-transitional.dtd">
<html xmlns="http://www.w3.org/1999/xhtml" xml:lang="en" lang="en">
 <head>
  <title>
</title>
<meta http-equiv="Content-Type" content="text/html;charset=utf-8" />
  <meta name='ocr-system' content='tesseract 3.04.00' />
  <meta name='ocr-capabilities' content='ocr_page ocr_carea ocr_par ocr_line ocrx_word'/>
</head>
<body>
  <div class='ocr_page' id='page_1' title='image "./lannaeifloriepi01florgoog_0239.png"; bbox 0 0 2386 3922; ppageno 0'>
   <div class='ocr_carea' id='block_1_1' title="bbox 99 160 749 227">
    <p class='ocr_par' dir='ltr' id='par_1_1' title="bbox 99 160 749 227">
     <span class='ocr_line' id='line_1_1' title="bbox 99 160 749 227; baseline -0.003 -13"><span class='ocrx_word' id='word_1_1' title='bbox 99 160 164 227; x_wconf 82' lang='lat'>156</span> <span class='ocrx_word' id='word_1_2' title='bbox 461 162 572 214; x_wconf 78' lang='lat' dir='ltr'>raom</span> <span class='ocrx_word' id='word_1_3' title='bbox 589 161 749 214; x_wconf 78' lang='lat' dir='ltr'>armona</span> 
     </span>
    </p>
   </div>
   <div class='ocr_carea' id='block_1_2' title="bbox 5 361 846 446">
    <p class='ocr_par' dir='ltr' id='par_1_2' title="bbox 5 361 846 446">
     <span class='ocr_line' id='line_1_2' title="bbox 5 361 846 446; baseline -0.005 -20"><span class='ocrx_word' id='word_1_4' title='bbox 5 362 84 446; x_wconf 88' lang='lat'>111,4</span> <span class='ocrx_word' id='word_1_5' title='bbox 214 396 227 423; x_wconf 87' lang='lat'>.</span> <span class='ocrx_word' id='word_1_6' title='bbox 362 363 419 424; x_wconf 87' lang='lat' dir='ltr'>xv.</span> <span class='ocrx_word' id='word_1_7' title='bbox 452 362 601 423; x_wconf 84' lang='lat' dir='ltr'>nnmvu</span> <span class='ocrx_word' id='word_1_8' title='bbox 623 361 846 423; x_wconf 82' lang='lat' dir='ltr'>nvrmansa.</span> 
     </span>
    </p>
   </div>
   <div class='ocr_carea' id='block_1_3' title="bbox 65 503 1137 2004">
    <p class='ocr_par' dir='ltr' id='par_1_3' title="bbox 100 503 1113 763">
     <span class='ocr_line' id='line_1_3' title="bbox 166 503 1090 567; baseline -0.002 -2"><span class='ocrx_word' id='word_1_9' title='bbox 166 506 263 565; x_wconf 87' lang='lat' dir='ltr'>Prima</span> <span class='ocrx_word' id='word_1_10' title='bbox 296 505 426 566; x_wconf 85' lang='lat' dir='ltr'>civilium</span> <span class='ocrx_word' id='word_1_11' title='bbox 458 514 592 566; x_wconf 91' lang='lat' dir='ltr'>motuum</span> <span class='ocrx_word' id='word_1_12' title='bbox 622 524 710 567; x_wconf 92' lang='lat' dir='ltr'>causa</span> <span class='ocrx_word' id='word_1_13' title='bbox 737 510 949 565; x_wconf 89' lang='lat' dir='ltr'>testamentum</span> <span class='ocrx_word' id='word_1_14' title='bbox 976 503 1090 565; x_wconf 79' lang='lat' dir='ltr'>Caesaris</span> 
     </span>
     <span class='ocr_line' id='line_1_4' title="bbox 100 591 1113 674; baseline -0.003 -19"><span class='ocrx_word' id='word_1_15' title='bbox 100 594 168 674; x_wconf 83' lang='lat' dir='ltr'>fuit,</span> <span class='ocrx_word' id='word_1_16' title='bbox 197 596 282 655; x_wconf 87' lang='lat' dir='ltr'>ouius</span> <span class='ocrx_word' id='word_1_17' title='bbox 306 594 454 655; x_wconf 88' lang='lat' dir='ltr'>secundus</span> <span class='ocrx_word' id='word_1_18' title='bbox 476 594 565 654; x_wconf 88' lang='lat' dir='ltr'>heres</span> <span class='ocrx_word' id='word_1_19' title='bbox 587 594 731 655; x_wconf 79' lang='lat' dir='ltr'>Antonius</span> <span class='ocrx_word' id='word_1_20' title='bbox 754 593 920 673; x_wconf 87' lang='lat' dir='ltr'>praelatum</span> <span class='ocrx_word' id='word_1_21' title='bbox 943 593 1000 667; x_wconf 85' lang='lat' dir='ltr'>sibi</span> <span class='ocrx_word' id='word_1_22' title='bbox 1023 591 1113 653; x_wconf 75' lang='lat' dir='ltr'>Octa·</span> 
     </span>
     <span class='ocr_line' id='line_1_5' title="bbox 100 670 1092 763; baseline -0.005 -19"><span class='ocrx_word' id='word_1_23' title='bbox 100 685 181 744; x_wconf 86' lang='lat' dir='ltr'>vium</span> <span class='ocrx_word' id='word_1_24' title='bbox 212 684 314 744; x_wconf 86' lang='lat' dir='ltr'>furens</span> <span class='ocrx_word' id='word_1_25' title='bbox 346 683 524 761; x_wconf 79' lang='lat' dir='ltr'>inexpiabile</span> <span class='ocrx_word' id='word_1_26' title='bbox 553 690 656 744; x_wconf 91' lang='lat' dir='ltr'>contra</span> <span class='ocrx_word' id='word_1_27' title='bbox 683 683 872 763; x_wconf 89' lang='lat' dir='ltr'>adoptionem</span> <span class='ocrx_word' id='word_1_28' title='bbox 899 670 1039 744; x_wconf 78' lang='lat' dir='ltr'>acerrimi</span> <span class='ocrx_word' id='word_1_29' title='bbox 1059 683 1092 740; x_wconf 90' lang='lat' dir='ltr'>iu·</span> 
     </span>
    </p>

    <p class='ocr_par' dir='ltr' id='par_1_4' title="bbox 65 769 1137 2004">
     <span class='ocr_line' id='line_1_6' title="bbox 65 769 1119 852; baseline -0.007 -17"><span class='ocrx_word' id='word_1_30' title='bbox 65 774 184 835; x_wconf 81' lang='lat' dir='ltr'>avenis</span> <span class='ocrx_word' id='word_1_31' title='bbox 213 780 385 851; x_wconf 80' lang='lat' dir='ltr'>susceperat</span> <span class='ocrx_word' id='word_1_32' title='bbox 411 771 531 834; x_wconf 88' lang='lat' dir='ltr'>bellum.</span> <span class='ocrx_word' id='word_1_33' title='bbox 577 775 685 852; x_wconf 89' lang='lat' dir='ltr'>quippe</span> <span class='ocrx_word' id='word_1_34' title='bbox 710 790 777 833; x_wconf 92' lang='lat' dir='ltr'>cum</span> <span class='ocrx_word' id='word_1_35' title='bbox 800 774 880 832; x_wconf 90' lang='lat' dir='ltr'>intra</span> <span class='ocrx_word' id='word_1_36' title='bbox 902 778 1036 832; x_wconf 88' lang='lat' dir='ltr'>octavum</span> <span class='ocrx_word' id='word_1_37' title='bbox 1056 769 1119 829; x_wconf 76' lang='lat' dir='ltr'>dci</span> 
     </span>
     <span class='ocr_line' id='line_1_7' title="bbox 101 861 1117 940; baseline -0.005 -18"><span class='ocrx_word' id='word_1_38' title='bbox 101 864 212 922; x_wconf 92' lang='lat' dir='ltr'>cimum</span> <span class='ocrx_word' id='word_1_39' title='bbox 252 879 363 921; x_wconf 91' lang='lat' dir='ltr'>annum</span> <span class='ocrx_word' id='word_1_40' title='bbox 403 868 541 922; x_wconf 88' lang='lat' dir='ltr'>tenerum</span> <span class='ocrx_word' id='word_1_41' title='bbox 582 867 612 921; x_wconf 91' lang='lat' dir='ltr'>et</span> <span class='ocrx_word' id='word_1_42' title='bbox 648 861 810 921; x_wconf 82' lang='lat' dir='ltr'>obnoxium</span> <span class='ocrx_word' id='word_1_43' title='bbox 845 867 877 921; x_wconf 89' lang='lat' dir='ltr'>et</span> <span class='ocrx_word' id='word_1_44' title='bbox 912 867 1117 940; x_wconf 79' lang='lat' dir='ltr'>opportunum·</span> 
     </span>
     <span class='ocr_line' id='line_1_8' title="bbox 101 948 1094 1030; baseline -0.006 -19"><span class='ocrx_word' id='word_1_45' title='bbox 101 953 228 1011; x_wconf 88' lang='lat' dir='ltr'>iniuriae</span> <span class='ocrx_word' id='word_1_46' title='bbox 252 952 389 1011; x_wconf 87' lang='lat' dir='ltr'>iuvenem</span> <span class='ocrx_word' id='word_1_47' title='bbox 412 950 538 1030; x_wconf 86' lang='lat' dir='ltr'>rideret,</span> <span class='ocrx_word' id='word_1_48' title='bbox 568 952 633 1028; x_wconf 89' lang='lat' dir='ltr'>ipse</span> <span class='ocrx_word' id='word_1_49' title='bbox 656 948 760 1028; x_wconf 89' lang='lat' dir='ltr'>plenae</span> <span class='ocrx_word' id='word_1_50' title='bbox 785 968 820 1009; x_wconf 83' lang='lat' dir='ltr'>ex</span> <span class='ocrx_word' id='word_1_51' title='bbox 844 949 1017 1010; x_wconf 83' lang='lat' dir='ltr'>commilitio</span> <span class='ocrx_word' id='word_1_52' title='bbox 1039 948 1094 1009; x_wconf 83' lang='lat' dir='ltr'>dac·</span> 
     </span>
     <span class='ocr_line' id='line_1_9' title="bbox 102 1034 1095 1119; baseline -0.004 -19"><span class='ocrx_word' id='word_1_53' title='bbox 102 1042 177 1100; x_wconf 90' lang='lat' dir='ltr'>saris</span> <span class='ocrx_word' id='word_1_54' title='bbox 202 1039 354 1118; x_wconf 83' lang='lat' dir='ltr'>dignitatis</span> <span class='ocrx_word' id='word_1_55' title='bbox 374 1040 503 1100; x_wconf 88' lang='lat' dir='ltr'>lacerare</span> <span class='ocrx_word' id='word_1_56' title='bbox 523 1040 610 1100; x_wconf 87' lang='lat' dir='ltr'>iurtis</span> <span class='ocrx_word' id='word_1_57' title='bbox 628 1038 833 1119; x_wconf 86' lang='lat' dir='ltr'>hereditatem,</span> <span class='ocrx_word' id='word_1_58' title='bbox 855 1040 956 1117; x_wconf 91' lang='lat' dir='ltr'>ipsum</span> <span class='ocrx_word' id='word_1_59' title='bbox 973 1034 1095 1098; x_wconf 85' lang='lat' dir='ltr'>insectari</span> 
     </span>
     <span class='ocr_line' id='line_1_10' title="bbox 100 1126 1095 1208; baseline -0.004 -20"><span class='ocrx_word' id='word_1_60' title='bbox 100 1128 228 1208; x_wconf 77' lang='lat' dir='ltr'>probris,</span> <span class='ocrx_word' id='word_1_61' title='bbox 250 1131 365 1189; x_wconf 88' lang='lat' dir='ltr'>cunctis</span> <span class='ocrx_word' id='word_1_62' title='bbox 385 1128 498 1189; x_wconf 90' lang='lat' dir='ltr'>artibus</span> <span class='ocrx_word' id='word_1_63' title='bbox 518 1129 736 1207; x_wconf 87' lang='lat' dir='ltr'>cooptationem</span> <span class='ocrx_word' id='word_1_64' title='bbox 748 1126 840 1187; x_wconf 89' lang='lat' dir='ltr'>Iuliae</span> <span class='ocrx_word' id='word_1_65' title='bbox 856 1129 954 1206; x_wconf 82' lang='lat' dir='ltr'>gentis</span> <span class='ocrx_word' id='word_1_66' title='bbox 968 1126 1095 1202; x_wconf 76' lang='lat' dir='ltr'>inbuere,</span> 
     </span>
     <span class='ocr_line' id='line_1_11' title="bbox 66 1212 1120 1296; baseline -0.007 -18"><span class='ocrx_word' id='word_1_67' title='bbox 66 1217 231 1296; x_wconf 82' lang='lat' dir='ltr'>adenique</span> <span class='ocrx_word' id='word_1_68' title='bbox 255 1217 291 1277; x_wconf 91' lang='lat' dir='ltr'>ad</span> <span class='ocrx_word' id='word_1_69' title='bbox 316 1217 544 1296; x_wconf 90' lang='lat' dir='ltr'>opprimendum</span> <span class='ocrx_word' id='word_1_70' title='bbox 566 1219 704 1277; x_wconf 83' lang='lat' dir='ltr'>iuvenem</span> <span class='ocrx_word' id='word_1_71' title='bbox 725 1215 822 1295; x_wconf 86' lang='lat' dir='ltr'>palam</span> <span class='ocrx_word' id='word_1_72' title='bbox 845 1234 926 1276; x_wconf 91' lang='lat' dir='ltr'>arma</span> <span class='ocrx_word' id='word_1_73' title='bbox 950 1215 1056 1296; x_wconf 83' lang='lat' dir='ltr'>moliri,</span> <span class='ocrx_word' id='word_1_74' title='bbox 1073 1212 1120 1270; x_wconf 74' lang='lat' dir='ltr'>elli</span> 
     </span>
     <span class='ocr_line' id='line_1_12' title="bbox 101 1302 1137 1389; baseline -0.007 -23"><span class='ocrx_word' id='word_1_75' title='bbox 101 1308 160 1366; x_wconf 90' lang='lat' dir='ltr'>iam</span> <span class='ocrx_word' id='word_1_76' title='bbox 178 1312 280 1386; x_wconf 92' lang='lat' dir='ltr'>parato</span> <span class='ocrx_word' id='word_1_77' title='bbox 299 1309 433 1367; x_wconf 86' lang='lat' dir='ltr'>exercitu</span> <span class='ocrx_word' id='word_1_78' title='bbox 452 1308 483 1366; x_wconf 93' lang='lat' dir='ltr'>in</span> <span class='ocrx_word' id='word_1_79' title='bbox 501 1305 648 1385; x_wconf 82' lang='lat' dir='ltr'>Cisalpina</span> <span class='ocrx_word' id='word_1_80' title='bbox 663 1303 755 1365; x_wconf 89' lang='lat' dir='ltr'>Gallia</span> <span class='ocrx_word' id='word_1_81' title='bbox 773 1307 965 1365; x_wconf 89' lang='lat' dir='ltr'>resistentem</span> <span class='ocrx_word' id='word_1_82' title='bbox 983 1302 1094 1365; x_wconf 87' lang='lat' dir='ltr'>motibus</span> <span class='ocrx_word' id='word_1_83' title='bbox 1134 1358 1137 1389; x_wconf 56' lang='grc'>1</span> 
     </span>
     <span class='ocr_line' id='line_1_13' title="bbox 66 1393 1137 1465; baseline -0.004 -10"><span class='ocrx_word' id='word_1_84' title='bbox 66 1407 84 1455; x_wconf 86' lang='grc'>4</span> <span class='ocrx_word' id='word_1_85' title='bbox 103 1397 165 1455; x_wconf 90' lang='lat' dir='ltr'>suis</span> <span class='ocrx_word' id='word_1_86' title='bbox 179 1394 332 1455; x_wconf 85' lang='lat' dir='ltr'>Decimum</span> <span class='ocrx_word' id='word_1_87' title='bbox 347 1394 472 1456; x_wconf 86' lang='lat' dir='ltr'>Brutum</span> <span class='ocrx_word' id='word_1_88' title='bbox 486 1394 631 1455; x_wconf 87' lang='lat' dir='ltr'>obsidere.</span> <span class='ocrx_word' id='word_1_89' title='bbox 655 1400 685 1454; x_wconf 90' lang='lat' dir='ltr'>at</span> <span class='ocrx_word' id='word_1_90' title='bbox 699 1393 837 1454; x_wconf 85' lang='lat' dir='ltr'>Octavius</span> <span class='ocrx_word' id='word_1_91' title='bbox 851 1393 961 1454; x_wconf 83' lang='lat' dir='ltr'>Caesar</span> <span class='ocrx_word' id='word_1_92' title='bbox 975 1400 1005 1453; x_wconf 87' lang='lat' dir='ltr'>et</span> <span class='ocrx_word' id='word_1_93' title='bbox 1016 1395 1094 1453; x_wconf 78' lang='lat' dir='ltr'>aetate</span> <span class='ocrx_word' id='word_1_94' title='bbox 1135 1458 1137 1465; x_wconf 53' lang='grc'>,</span> 
     </span>
     <span class='ocr_line' id='line_1_14' title="bbox 103 1481 1137 1564; baseline -0.009 -20"><span class='ocrx_word' id='word_1_95' title='bbox 103 1490 133 1544; x_wconf 91' lang='lat' dir='ltr'>et</span> <span class='ocrx_word' id='word_1_96' title='bbox 159 1485 268 1543; x_wconf 89' lang='lat' dir='ltr'>iniuria</span> <span class='ocrx_word' id='word_1_97' title='bbox 291 1483 469 1564; x_wconf 80' lang='lat' dir='ltr'>favorabilis,</span> <span class='ocrx_word' id='word_1_98' title='bbox 503 1490 533 1544; x_wconf 90' lang='lat' dir='ltr'>et</span> <span class='ocrx_word' id='word_1_99' title='bbox 555 1485 685 1543; x_wconf 91' lang='lat' dir='ltr'>nominis</span> <span class='ocrx_word' id='word_1_100' title='bbox 708 1484 860 1542; x_wconf 89' lang='lat' dir='ltr'>maiestate</span> <span class='ocrx_word' id='word_1_101' title='bbox 886 1481 965 1561; x_wconf 88' lang='lat' dir='ltr'>quod</span> <span class='ocrx_word' id='word_1_102' title='bbox 989 1481 1043 1541; x_wconf 91' lang='lat' dir='ltr'>sibi</span> <span class='ocrx_word' id='word_1_103' title='bbox 1061 1481 1093 1538; x_wconf 90' lang='lat' dir='ltr'>iu·</span> <span class='ocrx_word' id='word_1_104' title='bbox 1135 1504 1137 1533; x_wconf 92' lang='lat'><strong>:</strong></span> 
     </span>
     <span class='ocr_line' id='line_1_15' title="bbox 103 1567 1093 1652; baseline -0.002 -20"><span class='ocrx_word' id='word_1_105' title='bbox 103 1572 208 1632; x_wconf 90' lang='lat' dir='ltr'>duerat</span> <span class='ocrx_word' id='word_1_106' title='bbox 243 1575 388 1633; x_wconf 88' lang='lat' dir='ltr'>revocatis</span> <span class='ocrx_word' id='word_1_107' title='bbox 426 1573 461 1632; x_wconf 90' lang='lat' dir='ltr'>ad</span> <span class='ocrx_word' id='word_1_108' title='bbox 496 1591 577 1633; x_wconf 90' lang='lat' dir='ltr'>arma</span> <span class='ocrx_word' id='word_1_109' title='bbox 608 1573 770 1652; x_wconf 80' lang='lat' dir='ltr'>veteranis,</span> <span class='ocrx_word' id='word_1_110' title='bbox 806 1573 939 1650; x_wconf 84' lang='lat' dir='ltr'>privatus</span> <span class='ocrx_word' id='word_1_111' title='bbox 971 1604 1013 1612; x_wconf 97' lang='lat'><strong>—</strong></span> <span class='ocrx_word' id='word_1_112' title='bbox 1043 1567 1093 1647; x_wconf 73' lang='lat' dir='ltr'>quit</span> 
     </span>
     <span class='ocr_line' id='line_1_16' title="bbox 103 1652 1137 1742; baseline -0.005 -21"><span class='ocrx_word' id='word_1_113' title='bbox 103 1658 261 1724; x_wconf 74' lang='lat' dir='ltr'>erederet?</span> <span class='ocrx_word' id='word_1_114' title='bbox 275 1694 316 1702; x_wconf 93' lang='lat'>—</span> <span class='ocrx_word' id='word_1_115' title='bbox 333 1662 485 1722; x_wconf 88' lang='lat' dir='ltr'>consulem</span> <span class='ocrx_word' id='word_1_116' title='bbox 500 1660 679 1742; x_wconf 78' lang='lat' dir='ltr'>adgreditur,</span> <span class='ocrx_word' id='word_1_117' title='bbox 693 1658 848 1720; x_wconf 83' lang='lat' dir='ltr'>obsidione</span> <span class='ocrx_word' id='word_1_118' title='bbox 862 1659 993 1720; x_wconf 86' lang='lat' dir='ltr'>Mutinae</span> <span class='ocrx_word' id='word_1_119' title='bbox 1006 1652 1119 1718; x_wconf 69' lang='lat' dir='ltr'>liberatll</span> <span class='ocrx_word' id='word_1_120' title='bbox 1135 1663 1137 1725; x_wconf 77' lang='grc' dir='ltr'>ξ</span> 
     </span>
     <span class='ocr_line' id='line_1_17' title="bbox 68 1744 1137 1829; baseline -0.002 -20"><span class='ocrx_word' id='word_1_121' title='bbox 68 1748 239 1829; x_wconf 81' lang='lat' dir='ltr'>oBrutum‚</span> <span class='ocrx_word' id='word_1_122' title='bbox 257 1749 417 1809; x_wconf 86' lang='lat' dir='ltr'>Antonium</span> <span class='ocrx_word' id='word_1_123' title='bbox 437 1751 519 1810; x_wconf 86' lang='lat' dir='ltr'>exuit</span> <span class='ocrx_word' id='word_1_124' title='bbox 537 1752 650 1810; x_wconf 84' lang='lat' dir='ltr'>castris.</span> <span class='ocrx_word' id='word_1_125' title='bbox 688 1755 759 1809; x_wconf 92' lang='lat' dir='ltr'>tunc</span> <span class='ocrx_word' id='word_1_126' title='bbox 779 1749 899 1827; x_wconf 89' lang='lat' dir='ltr'>quidem</span> <span class='ocrx_word' id='word_1_127' title='bbox 918 1749 1006 1808; x_wconf 89' lang='lat' dir='ltr'>etiam</span> <span class='ocrx_word' id='word_1_128' title='bbox 1023 1757 1094 1807; x_wconf 75' lang='lat' dir='ltr'>mani</span> <span class='ocrx_word' id='word_1_129' title='bbox 1134 1744 1137 1795; x_wconf 68' lang='lat' dir='ltr'>l</span> 
     </span>
     <span class='ocr_line' id='line_1_18' title="bbox 85 1835 1093 1916; baseline -0.005 -15"><span class='ocrx_word' id='word_1_130' title='bbox 85 1837 229 1916; x_wconf 83' lang='lat' dir='ltr'>pulcher</span> <span class='ocrx_word' id='word_1_131' title='bbox 261 1841 404 1916; x_wconf 90' lang='lat' dir='ltr'>apparuit.</span> <span class='ocrx_word' id='word_1_132' title='bbox 455 1856 523 1898; x_wconf 93' lang='lat' dir='ltr'>nam</span> <span class='ocrx_word' id='word_1_133' title='bbox 556 1844 696 1898; x_wconf 89' lang='lat' dir='ltr'>cruentus</span> <span class='ocrx_word' id='word_1_134' title='bbox 727 1843 757 1897; x_wconf 91' lang='lat' dir='ltr'>et</span> <span class='ocrx_word' id='word_1_135' title='bbox 790 1840 907 1898; x_wconf 88' lang='lat' dir='ltr'>saucius</span> <span class='ocrx_word' id='word_1_136' title='bbox 940 1835 1093 1916; x_wconf 82' lang='lat' dir='ltr'>aquitana</span> 
     </span>
     <span class='ocr_line' id='line_1_19' title="bbox 103 1922 1092 2004; baseline -0.011 -19"><span class='ocrx_word' id='word_1_137' title='bbox 103 1927 249 1985; x_wconf 85' lang='lat' dir='ltr'>moriente</span> <span class='ocrx_word' id='word_1_138' title='bbox 269 1926 411 2004; x_wconf 84' lang='lat' dir='ltr'>signifero</span> <span class='ocrx_word' id='word_1_139' title='bbox 430 1927 570 1987; x_wconf 89' lang='lat' dir='ltr'>traditam</span> <span class='ocrx_word' id='word_1_140' title='bbox 588 1929 650 1987; x_wconf 91' lang='lat' dir='ltr'>suis</span> <span class='ocrx_word' id='word_1_141' title='bbox 669 1927 781 1987; x_wconf 90' lang='lat' dir='ltr'>umeris</span> <span class='ocrx_word' id='word_1_142' title='bbox 800 1928 831 1986; x_wconf 93' lang='lat' dir='ltr'>in</span> <span class='ocrx_word' id='word_1_143' title='bbox 847 1932 943 1986; x_wconf 88' lang='lat' dir='ltr'>eastra</span> <span class='ocrx_word' id='word_1_144' title='bbox 957 1922 1092 1987; x_wconf 84' lang='lat' dir='ltr'>referebat</span> 
     </span>
    </p>
   </div>
   <div class='ocr_carea' id='block_1_4' title="bbox 360 2138 853 2200">
    <p class='ocr_par' dir='ltr' id='par_1_5' title="bbox 360 2138 853 2200">
     <span class='ocr_line' id='line_1_20' title="bbox 360 2138 853 2200; baseline 0 -2"><span class='ocrx_word' id='word_1_145' title='bbox 360 2139 430 2200; x_wconf 88' lang='lat' dir='ltr'>XVI.</span> <span class='ocrx_word' id='word_1_146' title='bbox 463 2138 612 2200; x_wconf 83' lang='lat' dir='ltr'><strong><em>BELLVM</em></strong></span> <span class='ocrx_word' id='word_1_147' title='bbox 634 2138 853 2199; x_wconf 87' lang='lat' dir='ltr'>PERVSINVM.</span> 
     </span>
    </p>
   </div>
   <div class='ocr_carea' id='block_1_5' title="bbox 0 2269 1118 2449">
    <p class='ocr_par' dir='ltr' id='par_1_6' title="bbox 0 2269 1118 2449">
     <span class='ocr_line' id='line_1_21' title="bbox 0 2269 1118 2361; baseline -0.008 -20"><span class='ocrx_word' id='word_1_148' title='bbox 0 2296 57 2361; x_wconf 83' lang='lat'>111,</span> <span class='ocrx_word' id='word_1_149' title='bbox 72 2277 93 2340; x_wconf 75' lang='grc' dir='ltr'>ὁ</span> <span class='ocrx_word' id='word_1_150' title='bbox 169 2280 301 2342; x_wconf 76' lang='lat' dir='ltr'>Alterum</span> <span class='ocrx_word' id='word_1_151' title='bbox 319 2281 429 2342; x_wconf 91' lang='lat' dir='ltr'>bellum</span> <span class='ocrx_word' id='word_1_152' title='bbox 449 2283 607 2342; x_wconf 87' lang='lat' dir='ltr'>concitavit</span> <span class='ocrx_word' id='word_1_153' title='bbox 626 2299 764 2360; x_wconf 80' lang='lat' dir='ltr'>agrorum</span> <span class='ocrx_word' id='word_1_154' title='bbox 778 2281 893 2360; x_wconf 82' lang='lat' dir='ltr'>divisio,</span> <span class='ocrx_word' id='word_1_155' title='bbox 914 2280 992 2359; x_wconf 89' lang='lat' dir='ltr'>qnod</span> <span class='ocrx_word' id='word_1_156' title='bbox 1006 2269 1118 2340; x_wconf 64' lang='lat' dir='ltr'>Caesarii</span> 
     </span>
     <span class='ocr_line' id='line_1_22' title="bbox 69 2361 1092 2449; baseline -0.004 -19"><span class='ocrx_word' id='word_1_157' title='bbox 69 2383 84 2430; x_wconf 80' lang='lat'><strong>2</strong></span> <span class='ocrx_word' id='word_1_158' title='bbox 104 2373 252 2430; x_wconf 84' lang='lat' dir='ltr'>veteranis</span> <span class='ocrx_word' id='word_1_159' title='bbox 270 2373 365 2449; x_wconf 92' lang='lat' dir='ltr'>patris</span> <span class='ocrx_word' id='word_1_160' title='bbox 384 2372 514 2449; x_wconf 87' lang='lat' dir='ltr'>pretium</span> <span class='ocrx_word' id='word_1_161' title='bbox 534 2369 656 2430; x_wconf 88' lang='lat' dir='ltr'>militiae</span> <span class='ocrx_word' id='word_1_162' title='bbox 675 2369 870 2448; x_wconf 84' lang='lat' dir='ltr'>persolvebat.</span> <span class='ocrx_word' id='word_1_163' title='bbox 908 2386 1023 2448; x_wconf 90' lang='lat' dir='ltr'>semper</span> <span class='ocrx_word' id='word_1_164' title='bbox 1038 2361 1092 2424; x_wconf 69' lang='lat' dir='ltr'>aliti</span> 
     </span>
    </p>
   </div>
   <div class='ocr_carea' id='block_1_6' title="bbox 101 2526 1102 2965">
    <p class='ocr_par' dir='ltr' id='par_1_7' title="bbox 101 2526 1102 2965">
     <span class='ocr_line' id='line_1_23' title="bbox 175 2526 1091 2610; baseline -0.002 -18"><span class='ocrx_word' id='word_1_165' title='bbox 175 2545 191 2592; x_wconf 85' lang='lat'><strong>3</strong></span> <span class='ocrx_word' id='word_1_166' title='bbox 216 2539 271 2594; x_wconf 90' lang='lat' dir='ltr'>sibi</span> <span class='ocrx_word' id='word_1_167' title='bbox 290 2540 436 2595; x_wconf 88' lang='lat' dir='ltr'>antonium</span> <span class='ocrx_word' id='word_1_168' title='bbox 454 2543 481 2594; x_wconf 90' lang='lat' dir='ltr'><strong><em>L</em></strong></span> <span class='ocrx_word' id='word_1_169' title='bbox 499 2543 508 2610; x_wconf 90' lang='grc' dir='ltr'>ΙΙ</span> <span class='ocrx_word' id='word_1_170' title='bbox 527 2546 542 2594; x_wconf 78' lang='grc' dir='ltr'>ὅ</span> <span class='ocrx_word' id='word_1_171' title='bbox 562 2541 659 2595; x_wconf 87' lang='lat' dir='ltr'>decem</span> <span class='ocrx_word' id='word_1_172' title='bbox 677 2542 706 2594; x_wconf 89' lang='lat' dir='ltr'>et</span> <span class='ocrx_word' id='word_1_173' title='bbox 725 2541 787 2594; x_wconf 85' lang='lat' dir='ltr'>octo</span> <span class='ocrx_word' id='word_1_174' title='bbox 807 2556 895 2594; x_wconf 86' lang='lat' dir='ltr'>annos</span> <span class='ocrx_word' id='word_1_175' title='bbox 916 2539 964 2608; x_wconf 71' lang='lat' dir='ltr'>Ol</span> <span class='ocrx_word' id='word_1_176' title='bbox 983 2545 998 2591; x_wconf 82' lang='lat'>6</span> <span class='ocrx_word' id='word_1_177' title='bbox 1017 2537 1042 2592; x_wconf 87' lang='lat' dir='ltr'>et</span> <span class='ocrx_word' id='word_1_178' title='bbox 1055 2526 1091 2583; x_wconf 77' lang='lat' dir='ltr'>ob·</span> 
     </span>
     <span class='ocr_line' id='line_1_24' title="bbox 101 2598 1092 2725; baseline 0.002 -63"><span class='ocrx_word' id='word_1_179' title='bbox 101 2609 216 2690; x_wconf 82' lang='lat' dir='ltr'>noxium</span> <span class='ocrx_word' id='word_1_180' title='bbox 240 2612 289 2665; x_wconf 87' lang='lat' dir='ltr'>del.</span> <span class='ocrx_word' id='word_1_181' title='bbox 309 2612 454 2681; x_wconf 69' lang='lat' dir='ltr'>receptas</span> <span class='ocrx_word' id='word_1_182' title='bbox 473 2612 514 2682; x_wconf 89' lang='lat' dir='ltr'>[et</span> <span class='ocrx_word' id='word_1_183' title='bbox 532 2610 751 2682; x_wconf 83' lang='lat' dir='ltr'>opportunum]?</span> <span class='ocrx_word' id='word_1_184' title='bbox 771 2611 775 2682; x_wconf 89' lang='grc' dir='ltr'>Ι</span> <span class='ocrx_word' id='word_1_185' title='bbox 800 2613 969 2680; x_wconf 88' lang='lat' dir='ltr'>oportunum</span> <span class='ocrx_word' id='word_1_186' title='bbox 987 2605 1041 2664; x_wconf 78' lang='lat' dir='ltr'>Bc</span> <span class='ocrx_word' id='word_1_187' title='bbox 1054 2598 1092 2725; x_wconf 38' lang='lat' dir='ltr'>pl</span> 
     </span>
     <span class='ocr_line' id='line_1_25' title="bbox 103 2661 1093 2752; baseline 0 -20"><span class='ocrx_word' id='word_1_188' title='bbox 103 2680 213 2733; x_wconf 84' lang='lat' dir='ltr'>mderet</span> <span class='ocrx_word' id='word_1_189' title='bbox 231 2683 254 2749; x_wconf 84' lang='lat' dir='ltr'>(t</span> <span class='ocrx_word' id='word_1_190' title='bbox 273 2683 335 2736; x_wconf 76' lang='lat' dir='ltr'>add.</span> <span class='ocrx_word' id='word_1_191' title='bbox 351 2701 384 2736; x_wconf 77' lang='lat' dir='ltr'>aa.</span> <span class='ocrx_word' id='word_1_192' title='bbox 400 2686 426 2750; x_wconf 88' lang='lat'>1)</span> <span class='ocrx_word' id='word_1_193' title='bbox 446 2684 473 2736; x_wconf 93' lang='lat' dir='ltr'><strong><em>B</em></strong></span> <span class='ocrx_word' id='word_1_194' title='bbox 490 2686 494 2750; x_wconf 91' lang='grc' dir='ltr'>Ι</span> <span class='ocrx_word' id='word_1_195' title='bbox 509 2682 547 2736; x_wconf 87' lang='lat' dir='ltr'>tis</span> <span class='ocrx_word' id='word_1_196' title='bbox 565 2682 667 2751; x_wconf 81' lang='lat' dir='ltr'>plenae</span> <span class='ocrx_word' id='word_1_197' title='bbox 686 2684 709 2752; x_wconf 94' lang='lat' dir='ltr'>(t</span> <span class='ocrx_word' id='word_1_198' title='bbox 726 2684 816 2751; x_wconf 72' lang='lat' dir='ltr'>masa)</span> <span class='ocrx_word' id='word_1_199' title='bbox 835 2682 862 2735; x_wconf 92' lang='lat' dir='ltr'><em>B</em></span> <span class='ocrx_word' id='word_1_200' title='bbox 882 2697 945 2735; x_wconf 85' lang='lat' dir='ltr'>-se·</span> <span class='ocrx_word' id='word_1_201' title='bbox 963 2681 1042 2752; x_wconf 86' lang='lat' dir='ltr'>plene</span> <span class='ocrx_word' id='word_1_202' title='bbox 1089 2661 1093 2732; x_wconf 90' lang='lat' dir='ltr'>l</span> 
     </span>
     <span class='ocr_line' id='line_1_26' title="bbox 103 2739 1095 2823; baseline 0.003 -21"><span class='ocrx_word' id='word_1_203' title='bbox 103 2750 303 2805; x_wconf 83' lang='lat' dir='ltr'>excommilitio</span> <span class='ocrx_word' id='word_1_204' title='bbox 322 2754 347 2821; x_wconf 82' lang='lat' dir='ltr'>(c</span> <span class='ocrx_word' id='word_1_205' title='bbox 365 2770 424 2822; x_wconf 79' lang='lat' dir='ltr'>saep.</span> <span class='ocrx_word' id='word_1_206' title='bbox 439 2756 517 2822; x_wconf 83' lang='lat' dir='ltr'>cers.)</span> <span class='ocrx_word' id='word_1_207' title='bbox 532 2754 559 2807; x_wconf 90' lang='lat' dir='ltr'><strong><em>L</em></strong></span> <span class='ocrx_word' id='word_1_208' title='bbox 577 2756 586 2823; x_wconf 91' lang='grc' dir='ltr'>ΙΙ</span> <span class='ocrx_word' id='word_1_209' title='bbox 604 2758 620 2807; x_wconf 90' lang='lat'>8</span> <span class='ocrx_word' id='word_1_210' title='bbox 635 2752 784 2822; x_wconf 81' lang='lat' dir='ltr'>dignitatis</span> <span class='ocrx_word' id='word_1_211' title='bbox 799 2753 935 2821; x_wconf 75' lang='lat' dir='ltr'>(ultimam</span> <span class='ocrx_word' id='word_1_212' title='bbox 948 2750 958 2805; x_wconf 90' lang='lat' dir='ltr'>i</span> <span class='ocrx_word' id='word_1_213' title='bbox 971 2755 1003 2807; x_wconf 79' lang='lat' dir='ltr'>ia</span> <span class='ocrx_word' id='word_1_214' title='bbox 1017 2768 1031 2805; x_wconf 87' lang='lat' dir='ltr'>a</span> <span class='ocrx_word' id='word_1_215' title='bbox 1043 2739 1095 2800; x_wconf 69' lang='lat' dir='ltr'>mad.</span> 
     </span>
     <span class='ocr_line' id='line_1_27' title="bbox 102 2802 1100 2893; baseline 0.003 -17"><span class='ocrx_word' id='word_1_216' title='bbox 102 2839 136 2876; x_wconf 82' lang='lat' dir='ltr'>m.</span> <span class='ocrx_word' id='word_1_217' title='bbox 152 2824 182 2891; x_wconf 81' lang='lat'>2)</span> <span class='ocrx_word' id='word_1_218' title='bbox 198 2822 247 2891; x_wconf 86' lang='grc' dir='ltr'>ΝΙ</span> <span class='ocrx_word' id='word_1_219' title='bbox 262 2822 400 2877; x_wconf 85' lang='lat' dir='ltr'>laceraret</span> <span class='ocrx_word' id='word_1_220' title='bbox 414 2824 448 2877; x_wconf 89' lang='lat' dir='ltr'><strong><em>N</em></strong></span> <span class='ocrx_word' id='word_1_221' title='bbox 459 2827 463 2885; x_wconf 87' lang='grc' dir='ltr'>Ι</span> <span class='ocrx_word' id='word_1_222' title='bbox 480 2823 534 2876; x_wconf 88' lang='lat' dir='ltr'>uiri</span> <span class='ocrx_word' id='word_1_223' title='bbox 552 2823 633 2878; x_wconf 88' lang='lat' dir='ltr'>fortis</span> <span class='ocrx_word' id='word_1_224' title='bbox 653 2825 680 2877; x_wconf 93' lang='lat' dir='ltr'><strong><em>B</em></strong></span> <span class='ocrx_word' id='word_1_225' title='bbox 698 2823 778 2877; x_wconf 85' lang='lat' dir='ltr'>fortis</span> <span class='ocrx_word' id='word_1_226' title='bbox 797 2826 824 2893; x_wconf 93' lang='lat' dir='ltr'>(o</span> <span class='ocrx_word' id='word_1_227' title='bbox 842 2825 874 2878; x_wconf 83' lang='lat' dir='ltr'>ia</span> <span class='ocrx_word' id='word_1_228' title='bbox 892 2841 911 2876; x_wconf 94' lang='lat' dir='ltr'>u</span> <span class='ocrx_word' id='word_1_229' title='bbox 929 2826 1006 2893; x_wconf 76' lang='lat' dir='ltr'>aaut.)</span> <span class='ocrx_word' id='word_1_230' title='bbox 1022 2802 1100 2879; x_wconf 51' lang='grc' dir='ltr'>ΜΘἡ</span> 
     </span>
     <span class='ocr_line' id='line_1_28' title="bbox 102 2890 1102 2965; baseline 0 -20"><span class='ocrx_word' id='word_1_231' title='bbox 102 2892 234 2946; x_wconf 86' lang='lat' dir='ltr'>heredem</span> <span class='ocrx_word' id='word_1_232' title='bbox 257 2896 286 2947; x_wconf 89' lang='lat' dir='ltr'>et</span> <span class='ocrx_word' id='word_1_233' title='bbox 308 2901 371 2949; x_wconf 81' lang='lat' dir='ltr'>aute</span> <span class='ocrx_word' id='word_1_234' title='bbox 394 2893 580 2949; x_wconf 76' lang='lat' dir='ltr'>hereditatem</span> <span class='ocrx_word' id='word_1_235' title='bbox 603 2895 667 2950; x_wconf 83' lang='lat' dir='ltr'>add.</span> <span class='ocrx_word' id='word_1_236' title='bbox 682 2896 709 2948; x_wconf 93' lang='lat' dir='ltr'><strong><em>B</em></strong></span> <span class='ocrx_word' id='word_1_237' title='bbox 731 2897 740 2965; x_wconf 89' lang='grc' dir='ltr'>ΙΙ</span> <span class='ocrx_word' id='word_1_238' title='bbox 763 2902 778 2949; x_wconf 85' lang='grc'>9</span> <span class='ocrx_word' id='word_1_239' title='bbox 800 2893 896 2964; x_wconf 88' lang='lat' dir='ltr'>probis</span> <span class='ocrx_word' id='word_1_240' title='bbox 915 2894 942 2948; x_wconf 89' lang='lat' dir='ltr'><strong><em>L</em></strong></span> <span class='ocrx_word' id='word_1_241' title='bbox 962 2897 967 2964; x_wconf 89' lang='grc' dir='ltr'>Ι</span> <span class='ocrx_word' id='word_1_242' title='bbox 988 2890 1102 2947; x_wconf 63' lang='lat' dir='ltr'>anibul-</span> 
     </span>
    </p>
   </div>
   <div class='ocr_carea' id='block_1_7' title="bbox 19 2941 1134 3462">
    <p class='ocr_par' dir='ltr' id='par_1_8' title="bbox 19 2941 1134 3462">
     <span class='ocr_line' id='line_1_29' title="bbox 19 2941 1108 3038; baseline 0.001 -21"><span class='ocrx_word' id='word_1_243' title='bbox 19 3028 24 3038; x_wconf 42' lang='grc'><strong>,</strong></span> <span class='ocrx_word' id='word_1_244' title='bbox 103 2963 390 3033; x_wconf 82' lang='lat' dir='ltr'>OumadoptionemL</span> <span class='ocrx_word' id='word_1_245' title='bbox 406 2968 409 3036; x_wconf 90' lang='grc' dir='ltr'>Ι</span> <span class='ocrx_word' id='word_1_246' title='bbox 426 2965 519 3037; x_wconf 84' lang='lat' dir='ltr'>gantis</span> <span class='ocrx_word' id='word_1_247' title='bbox 534 2966 554 3036; x_wconf 83' lang='lat' dir='ltr'>(i</span> <span class='ocrx_word' id='word_1_248' title='bbox 569 2984 636 3022; x_wconf 78' lang='lat' dir='ltr'>corr.</span> <span class='ocrx_word' id='word_1_249' title='bbox 647 2983 681 3021; x_wconf 78' lang='lat' dir='ltr'>ecc</span> <span class='ocrx_word' id='word_1_250' title='bbox 693 2983 708 3020; x_wconf 92' lang='lat' dir='ltr'>e</span> <span class='ocrx_word' id='word_1_251' title='bbox 718 2985 751 3021; x_wconf 85' lang='lat' dir='ltr'>m.</span> <span class='ocrx_word' id='word_1_252' title='bbox 763 2967 790 3035; x_wconf 87' lang='lat'>1)</span> <span class='ocrx_word' id='word_1_253' title='bbox 800 2968 826 3020; x_wconf 91' lang='lat' dir='ltr'><em>B</em></span> <span class='ocrx_word' id='word_1_254' title='bbox 841 2968 851 3036; x_wconf 89' lang='grc' dir='ltr'>ΙΙ</span> <span class='ocrx_word' id='word_1_255' title='bbox 865 2971 899 3019; x_wconf 91' lang='lat'>10</span> <span class='ocrx_word' id='word_1_256' title='bbox 907 2982 965 3019; x_wconf 89' lang='lat' dir='ltr'>non</span> <span class='ocrx_word' id='word_1_257' title='bbox 975 2941 1108 3019; x_wconf 51' lang='lat' dir='ltr'>decincti</span> 
     </span>
     <span class='ocr_line' id='line_1_30' title="bbox 103 3007 1113 3107; baseline 0.002 -19"><span class='ocrx_word' id='word_1_258' title='bbox 103 3042 166 3090; x_wconf 84' lang='lat' dir='ltr'>ante</span> <span class='ocrx_word' id='word_1_259' title='bbox 185 3035 306 3105; x_wconf 89' lang='lat' dir='ltr'>denique</span> <span class='ocrx_word' id='word_1_260' title='bbox 324 3039 387 3091; x_wconf 83' lang='lat' dir='ltr'>add.</span> <span class='ocrx_word' id='word_1_261' title='bbox 405 3037 428 3091; x_wconf 81' lang='lat'><em>0</em></span> <span class='ocrx_word' id='word_1_262' title='bbox 441 3044 445 3104; x_wconf 92' lang='grc' dir='ltr'>Ι</span> <span class='ocrx_word' id='word_1_263' title='bbox 462 3038 499 3091; x_wconf 88' lang='lat' dir='ltr'>ad</span> <span class='ocrx_word' id='word_1_264' title='bbox 513 3036 726 3107; x_wconf 90' lang='lat' dir='ltr'>opprimendum</span> <span class='ocrx_word' id='word_1_265' title='bbox 740 3039 769 3104; x_wconf 91' lang='lat' dir='ltr'>(u</span> <span class='ocrx_word' id='word_1_266' title='bbox 783 3055 850 3092; x_wconf 82' lang='lat' dir='ltr'>eurr.</span> <span class='ocrx_word' id='word_1_267' title='bbox 867 3055 900 3092; x_wconf 81' lang='lat' dir='ltr'>ex</span> <span class='ocrx_word' id='word_1_268' title='bbox 914 3052 930 3090; x_wconf 93' lang='lat' dir='ltr'>e</span> <span class='ocrx_word' id='word_1_269' title='bbox 944 3055 978 3091; x_wconf 85' lang='lat' dir='ltr'>m.</span> <span class='ocrx_word' id='word_1_270' title='bbox 993 3040 1020 3107; x_wconf 89' lang='lat'>1)</span> <span class='ocrx_word' id='word_1_271' title='bbox 1034 3032 1064 3091; x_wconf 87' lang='lat' dir='ltr'><strong><em>B</em></strong></span> <span class='ocrx_word' id='word_1_272' title='bbox 1084 3007 1113 3067; x_wconf 55' lang='lat' dir='ltr'>il</span> 
     </span>
     <span class='ocr_line' id='line_1_31' title="bbox 103 3095 1123 3196; baseline 0.002 -37"><span class='ocrx_word' id='word_1_273' title='bbox 103 3107 320 3176; x_wconf 87' lang='lat' dir='ltr'>depremendum</span> <span class='ocrx_word' id='word_1_274' title='bbox 333 3109 367 3161; x_wconf 89' lang='lat' dir='ltr'><em>N</em></span> <span class='ocrx_word' id='word_1_275' title='bbox 382 3108 596 3177; x_wconf 88' lang='lat' dir='ltr'>adprimendum</span> <span class='ocrx_word' id='word_1_276' title='bbox 612 3109 639 3161; x_wconf 96' lang='lat' dir='ltr'><strong><em>L</em></strong></span> <span class='ocrx_word' id='word_1_277' title='bbox 652 3111 662 3179; x_wconf 88' lang='grc' dir='ltr'>ΙΙ</span> <span class='ocrx_word' id='word_1_278' title='bbox 676 3114 708 3162; x_wconf 91' lang='grc'>11</span> <span class='ocrx_word' id='word_1_279' title='bbox 728 3106 897 3177; x_wconf 86' lang='lat' dir='ltr'>incisalpina</span> <span class='ocrx_word' id='word_1_280' title='bbox 915 3109 941 3177; x_wconf 89' lang='lat' dir='ltr'>(c</span> <span class='ocrx_word' id='word_1_281' title='bbox 960 3125 1029 3163; x_wconf 82' lang='lat' dir='ltr'>corr.</span> <span class='ocrx_word' id='word_1_282' title='bbox 1043 3095 1123 3196; x_wconf 41' lang='grc' dir='ltr'>Μὴ</span> 
     </span>
     <span class='ocr_line' id='line_1_32' title="bbox 102 3161 1126 3271; baseline 0 -41"><span class='ocrx_word' id='word_1_283' title='bbox 102 3195 135 3232; x_wconf 84' lang='lat' dir='ltr'>m.</span> <span class='ocrx_word' id='word_1_284' title='bbox 148 3181 174 3248; x_wconf 89' lang='lat'>1)</span> <span class='ocrx_word' id='word_1_285' title='bbox 189 3179 216 3231; x_wconf 92' lang='lat' dir='ltr'><em>B</em></span> <span class='ocrx_word' id='word_1_286' title='bbox 230 3180 240 3248; x_wconf 89' lang='grc' dir='ltr'>ΙΙ</span> <span class='ocrx_word' id='word_1_287' title='bbox 254 3183 287 3232; x_wconf 78' lang='lat'>12</span> <span class='ocrx_word' id='word_1_288' title='bbox 303 3178 441 3233; x_wconf 87' lang='lat' dir='ltr'>decimum</span> <span class='ocrx_word' id='word_1_289' title='bbox 455 3182 490 3249; x_wconf 86' lang='lat'>(1.</span> <span class='ocrx_word' id='word_1_290' title='bbox 501 3198 529 3232; x_wconf 90' lang='lat' dir='ltr'>m</span> <span class='ocrx_word' id='word_1_291' title='bbox 544 3197 604 3248; x_wconf 78' lang='lat' dir='ltr'>enp.</span> <span class='ocrx_word' id='word_1_292' title='bbox 614 3198 649 3234; x_wconf 84' lang='lat' dir='ltr'>m.</span> <span class='ocrx_word' id='word_1_293' title='bbox 659 3182 687 3249; x_wconf 84' lang='lat'>2)</span> <span class='ocrx_word' id='word_1_294' title='bbox 703 3180 736 3233; x_wconf 88' lang='lat' dir='ltr'><em>N</em></span> <span class='ocrx_word' id='word_1_295' title='bbox 748 3182 752 3247; x_wconf 92' lang='grc' dir='ltr'>Ι</span> <span class='ocrx_word' id='word_1_296' title='bbox 768 3178 912 3233; x_wconf 82' lang='lat' dir='ltr'>obsiderat</span> <span class='ocrx_word' id='word_1_297' title='bbox 923 3180 952 3234; x_wconf 89' lang='lat' dir='ltr'><em>B</em></span> <span class='ocrx_word' id='word_1_298' title='bbox 965 3161 1126 3271; x_wconf 58' lang='lat' dir='ltr'>⁰b⁸id⁹b³a</span> 
     </span>
     <span class='ocr_line' id='line_1_33' title="bbox 106 3241 1106 3319; baseline -0.002 -17"><span class='ocrx_word' id='word_1_299' title='bbox 106 3248 138 3302; x_wconf 82' lang='lat'>0:</span> <span class='ocrx_word' id='word_1_300' title='bbox 152 3267 220 3304; x_wconf 76' lang='lat' dir='ltr'>corr.</span> <span class='ocrx_word' id='word_1_301' title='bbox 231 3251 350 3304; x_wconf 34' lang='lat' dir='ltr'>laiseins</span> <span class='ocrx_word' id='word_1_302' title='bbox 365 3250 527 3305; x_wconf 85' lang='lat' dir='ltr'>obsidebat.</span> <span class='ocrx_word' id='word_1_303' title='bbox 537 3252 568 3303; x_wconf 87' lang='lat' dir='ltr'>at</span> <span class='ocrx_word' id='word_1_304' title='bbox 581 3252 633 3318; x_wconf 86' lang='lat' dir='ltr'>(vel</span> <span class='ocrx_word' id='word_1_305' title='bbox 646 3253 718 3319; x_wconf 85' lang='lat' dir='ltr'>oum)</span> <span class='ocrx_word' id='word_1_306' title='bbox 734 3251 864 3304; x_wconf 82' lang='lat' dir='ltr'>Halmius</span> <span class='ocrx_word' id='word_1_307' title='bbox 880 3253 884 3317; x_wconf 94' lang='grc' dir='ltr'>Ι</span> <span class='ocrx_word' id='word_1_308' title='bbox 900 3251 1007 3304; x_wconf 76' lang='lat' dir='ltr'>etanta</span> <span class='ocrx_word' id='word_1_309' title='bbox 1021 3241 1106 3303; x_wconf 53' lang='lat' dir='ltr'>aa&amp;³</span> 
     </span>
     <span class='ocr_line' id='line_1_34' title="bbox 103 3303 1134 3414; baseline 0 -40"><span class='ocrx_word' id='word_1_310' title='bbox 103 3336 152 3399; x_wconf 72' lang='lat' dir='ltr'>oar.</span> <span class='ocrx_word' id='word_1_311' title='bbox 170 3320 261 3389; x_wconf 81' lang='grc'>01113</span> <span class='ocrx_word' id='word_1_312' title='bbox 279 3320 445 3375; x_wconf 78' lang='lat' dir='ltr'>laborabilis</span> <span class='ocrx_word' id='word_1_313' title='bbox 460 3323 488 3375; x_wconf 90' lang='lat' dir='ltr'><strong><em>B</em></strong></span> <span class='ocrx_word' id='word_1_314' title='bbox 504 3324 508 3388; x_wconf 93' lang='grc' dir='ltr'>Ι</span> <span class='ocrx_word' id='word_1_315' title='bbox 523 3323 682 3390; x_wconf 77' lang='lat' dir='ltr'>magestate</span> <span class='ocrx_word' id='word_1_316' title='bbox 696 3321 724 3374; x_wconf 91' lang='lat' dir='ltr'><em>B</em></span> <span class='ocrx_word' id='word_1_317' title='bbox 741 3322 750 3390; x_wconf 90' lang='grc' dir='ltr'>ΙΙ</span> <span class='ocrx_word' id='word_1_318' title='bbox 773 3325 804 3373; x_wconf 80' lang='lat'>16</span> <span class='ocrx_word' id='word_1_319' title='bbox 823 3319 936 3374; x_wconf 87' lang='lat' dir='ltr'>eredere</span> <span class='ocrx_word' id='word_1_320' title='bbox 951 3321 979 3374; x_wconf 94' lang='lat' dir='ltr'><em>B</em></span> <span class='ocrx_word' id='word_1_321' title='bbox 995 3320 999 3392; x_wconf 90' lang='grc' dir='ltr'>Ι</span> <span class='ocrx_word' id='word_1_322' title='bbox 1015 3303 1134 3414; x_wconf 48' lang='grc' dir='ltr'>αςζῖξθ</span> 
     </span>
     <span class='ocr_line' id='line_1_35' title="bbox 104 3387 1069 3462; baseline 0.004 -20"><span class='ocrx_word' id='word_1_323' title='bbox 104 3387 179 3443; x_wconf 80' lang='lat' dir='ltr'>ditur</span> <span class='ocrx_word' id='word_1_324' title='bbox 192 3392 219 3444; x_wconf 92' lang='lat' dir='ltr'><strong><em>L</em></strong></span> <span class='ocrx_word' id='word_1_325' title='bbox 234 3394 239 3461; x_wconf 88' lang='grc' dir='ltr'>Ι</span> <span class='ocrx_word' id='word_1_326' title='bbox 255 3391 365 3446; x_wconf 86' lang='lat' dir='ltr'>obsidio</span> <span class='ocrx_word' id='word_1_327' title='bbox 386 3392 410 3447; x_wconf 83' lang='lat'><em>0</em></span> <span class='ocrx_word' id='word_1_328' title='bbox 421 3395 425 3461; x_wconf 90' lang='grc' dir='ltr'>Ι</span> <span class='ocrx_word' id='word_1_329' title='bbox 441 3391 548 3445; x_wconf 89' lang='lat' dir='ltr'>munite</span> <span class='ocrx_word' id='word_1_330' title='bbox 563 3392 589 3445; x_wconf 98' lang='lat' dir='ltr'><strong><em>L</em></strong></span> <span class='ocrx_word' id='word_1_331' title='bbox 603 3393 612 3462; x_wconf 85' lang='grc' dir='ltr'>ΙΙ</span> <span class='ocrx_word' id='word_1_332' title='bbox 627 3398 660 3446; x_wconf 87' lang='grc'>16</span> <span class='ocrx_word' id='word_1_333' title='bbox 673 3394 735 3445; x_wconf 87' lang='lat' dir='ltr'>tum</span> <span class='ocrx_word' id='word_1_334' title='bbox 750 3393 772 3445; x_wconf 82' lang='lat'><strong><em>0</em></strong></span> <span class='ocrx_word' id='word_1_335' title='bbox 784 3393 793 3461; x_wconf 88' lang='grc' dir='ltr'>ΙΙ</span> <span class='ocrx_word' id='word_1_336' title='bbox 808 3397 840 3444; x_wconf 77' lang='grc'>17</span> <span class='ocrx_word' id='word_1_337' title='bbox 856 3390 1002 3446; x_wconf 72' lang='lat' dir='ltr'>oboriente</span> <span class='ocrx_word' id='word_1_338' title='bbox 1015 3393 1042 3446; x_wconf 90' lang='lat' dir='ltr'><em>B</em></span> <span class='ocrx_word' id='word_1_339' title='bbox 1055 3391 1069 3458; x_wconf 81' lang='grc' dir='ltr'>Ι</span> 
     </span>
    </p>
   </div>
   <div class='ocr_carea' id='block_1_8' title="bbox 103 3428 1137 3532">
    <p class='ocr_par' dir='ltr' id='par_1_9' title="bbox 103 3428 1137 3532">
     <span class='ocr_line' id='line_1_36' title="bbox 103 3428 1137 3532; baseline 0.01 -22"><span class='ocrx_word' id='word_1_340' title='bbox 103 3455 226 3514; x_wconf 85' lang='lat' dir='ltr'>humeris</span> <span class='ocrx_word' id='word_1_341' title='bbox 244 3464 299 3516; x_wconf 90' lang='lat' dir='ltr'>BL</span> <span class='ocrx_word' id='word_1_342' title='bbox 321 3465 330 3530; x_wconf 91' lang='grc' dir='ltr'>ΙΙ</span> <span class='ocrx_word' id='word_1_343' title='bbox 354 3469 387 3516; x_wconf 82' lang='lat'>20</span> <span class='ocrx_word' id='word_1_344' title='bbox 407 3464 582 3532; x_wconf 84' lang='lat' dir='ltr'>agrorum(o</span> <span class='ocrx_word' id='word_1_345' title='bbox 601 3470 771 3518; x_wconf 72' lang='lat' dir='ltr'>correcturae</span> <span class='ocrx_word' id='word_1_346' title='bbox 790 3464 816 3531; x_wconf 86' lang='lat' dir='ltr'>a)</span> <span class='ocrx_word' id='word_1_347' title='bbox 836 3463 862 3515; x_wconf 89' lang='lat' dir='ltr'><strong><em>L</em></strong></span> <span class='ocrx_word' id='word_1_348' title='bbox 886 3464 889 3532; x_wconf 90' lang='grc' dir='ltr'>Ι</span> <span class='ocrx_word' id='word_1_349' title='bbox 915 3479 985 3530; x_wconf 89' lang='lat' dir='ltr'>quos</span> <span class='ocrx_word' id='word_1_350' title='bbox 1007 3462 1030 3517; x_wconf 81' lang='lat'><em>0</em></span> <span class='ocrx_word' id='word_1_351' title='bbox 1047 3463 1056 3531; x_wconf 92' lang='grc' dir='ltr'>ΙΙ</span> <span class='ocrx_word' id='word_1_352' title='bbox 1100 3428 1137 3490; x_wconf 62' lang='lat'>21</span> 
     </span>
    </p>
   </div>
   <div class='ocr_carea' id='block_1_9' title="bbox 109 3531 657 3604">
    <p class='ocr_par' dir='ltr' id='par_1_10' title="bbox 109 3531 657 3604">
     <span class='ocr_line' id='line_1_37' title="bbox 109 3531 657 3604; baseline 0.011 -23"><span class='ocrx_word' id='word_1_353' title='bbox 109 3531 245 3585; x_wconf 71' lang='lat' dir='ltr'>cotemnis</span> <span class='ocrx_word' id='word_1_354' title='bbox 264 3532 294 3586; x_wconf 92' lang='lat' dir='ltr'>in</span> <span class='ocrx_word' id='word_1_355' title='bbox 313 3533 412 3587; x_wconf 87' lang='lat' dir='ltr'>eastris</span> <span class='ocrx_word' id='word_1_356' title='bbox 433 3534 473 3604; x_wconf 80' lang='grc' dir='ltr'>ΟΙ</span> <span class='ocrx_word' id='word_1_357' title='bbox 490 3533 614 3588; x_wconf 87' lang='lat' dir='ltr'>soluerat</span> <span class='ocrx_word' id='word_1_358' title='bbox 634 3534 657 3588; x_wconf 85' lang='lat'><em>0</em></span> 
     </span>
    </p>
   </div>
   <div class='ocr_carea' id='block_1_10' title="bbox 0 0 1207 3922">
    <p class='ocr_par' dir='ltr' id='par_1_11' title="bbox 0 0 1207 3922">
     <span class='ocr_line' id='line_1_38' title="bbox 0 0 1207 3922; baseline 0 0"><span class='ocrx_word' id='word_1_359' title='bbox 0 0 1207 3922; x_wconf 95' lang='lat' dir='ltr'> </span> 
     </span>
    </p>
   </div>
  </div>
 </body>
</html>
