2386 3922
407 193 446 264 11,
465 198 508 250 aa.
528 197 563 247 34
581 193 656 264 (nn,
676 197 729 265 12).
1017 193 1078 259 181

68 381 93 422 te
120 359 321 442 recipiebant,
349 367 445 421 castra
469 379 534 441 sua,
563 363 631 441 quia
655 364 686 422 in
708 361 796 441 plano
821 369 918 442 erant,
945 362 1077 423 habitare

68 459 92 512 et
118 449 253 511 incolere
276 451 377 510 iussit:
406 449 448 509 ibi
471 452 567 528 gentis
590 469 656 511 esse
681 450 853 531 consilium,
880 449 953 511 illud
977 451 1078 512 obser·
1098 465 1132 514 60

68 541 126 600 rari
151 545 248 618 caput.
285 536 402 599 larebat
425 538 549 599 consilio
573 546 678 600 natura
701 542 840 618 regionis.
879 541 958 599 circa
982 543 1078 600 omnis

68 629 193 690 aurifera
232 635 264 689 et
299 626 500 707 chrysocollae
538 630 681 707 miniique
719 635 749 688 et
785 627 910 688 aliorum
946 627 1080 689 colorum

68 719 156 779 lerax.
197 719 298 796 itaque
323 719 457 776 exerceri
482 716 577 777 solum
601 719 697 778 iussit.
737 719 781 776 sic
804 718 926 777 Astures
949 719 1080 777 nitentes

68 809 97 868 in
118 805 268 887 prohmdo
292 822 364 884 opes
389 823 458 865 suas
482 812 569 884 atque
594 805 722 887 divitiaS,
746 805 817 866 dum
840 805 906 866 aliis
926 813 1080 886 quaerunt,

68 913 154 956 nosse
179 900 350 974 coeperunt.

68 1088 207 1150 XXXllll
232 1088 306 1149 PAX
324 1086 552 1148 PARTHORVM
571 1088 620 1148 ET
639 1087 898 1150 CONSECRATIO
916 1088 1080 1150 AVGVSTI.

132 1231 280 1293 Omnibus
312 1231 349 1291 ad
381 1248 519 1291 occasum
553 1236 582 1290 et
608 1232 765 1292 meridiem
792 1235 904 1311 pacatis
933 1231 1081 1312 gentibuS,
1100 1244 1132 1293 61

70 1321 103 1382 ad
130 1322 367 1400 septentrionem
395 1337 512 1398 quoque
537 1318 709 1380 dumtaxat
732 1323 810 1380 intra
832 1320 969 1380 Rhenum
992 1328 1079 1400 atque

69 1409 245 1490 Danuvium,
274 1411 346 1468 item
374 1408 409 1467 ad
439 1410 586 1467 orientem
614 1410 692 1468 intra
716 1408 825 1489 Cyrum
849 1418 878 1469 et
900 1409 1081 1490 Euphraten,

70 1497 112 1558 illi
134 1516 253 1579 quoque
277 1497 395 1577 reliqui,
418 1499 471 1576 qui
491 1499 639 1556 immunes
658 1499 778 1576 imperii
797 1505 890 1578 crant,
914 1498 1082 1558 sentiebant

70 1594 165 1648 tamen
197 1586 433 1666 magnitudinem
466 1593 495 1645 et
522 1588 666 1646 victorem
694 1590 826 1666 gentium
853 1587 996 1666 populum
1024 1587 1080 1646 Ro·

71 1694 187 1736 manum
215 1674 436 1736 reverebantur.
482 1693 551 1734 nam
580 1682 610 1736 et
633 1674 757 1754 Scythae
783 1679 892 1737 misere
916 1675 1028 1755 legatos
1052 1684 1081 1736 et
1100 1687 1133 1736 62

72 1764 218 1826 Sarmatae
246 1766 407 1824 amicitiam
434 1770 578 1842 petentes.
624 1764 713 1825 Seres
741 1769 829 1826 ctiam
855 1765 1080 1844 habitantesque

72 1853 122 1915 sub
150 1857 216 1933 ipso
245 1852 306 1913 sole
330 1851 396 1912 lndi
423 1871 491 1912 cum
514 1855 639 1931 gemmis
663 1861 693 1914 ct
716 1857 884 1934 margaritis
908 1854 1081 1934 elephantos

72 1961 186 2022 quoquc
213 1945 294 2002 inter
316 1959 440 2001 munera
462 1941 614 2001 trahentes
637 1942 712 2002 nihil
735 1947 829 2022 magis
854 1963 942 2023 quam
965 1943 1081 2023 longin-

71 2035 212 2111 quitatem
243 2032 307 2092 viae
341 2028 515 2109 inputabant
542 2064 584 2071 —
614 2031 842 2109 quadriennium
873 2033 1081 2114 impleverant3

71 2129 100 2181 et
121 2123 179 2181 iam
203 2123 268 2199 ipse
291 2119 445 2179 hominum
469 2117 551 2178 color
572 2117 608 2177 ab
627 2117 685 2179 alio
704 2122 805 2180 venire
826 2119 907 2180 caelo
927 2121 1081 2181 fatebatur.

140 2297 154 2345 1
175 2307 227 2344 sua
245 2291 294 2344 sed
313 2306 385 2359 quae
404 2290 438 2342 N
453 2305 504 2341 sua
523 2288 628 2357 seuque
642 2289 669 2342 L
689 2291 692 2356 Ι
713 2288 827 2371 inpleno
846 2290 873 2343 L
893 2292 902 2358 ΙΙ
923 2295 939 2342 2
959 2290 1082 2359 bigentis

69 2361 103 2416 N
116 2361 241 2433 ingentis
260 2362 287 2415 L
307 2364 311 2430 Ι
331 2360 382 2414 ubi
405 2367 468 2414 ante
490 2357 563 2412 illud
582 2361 646 2415 add.
661 2360 702 2413 Β1
723 2362 727 2428 Ι
747 2359 819 2413 illud
838 2360 867 2429 (d
887 2363 918 2414 ira
935 2361 948 2413 t
966 2363 1084 2415 mutavit

68 2449 102 2488 m.
118 2436 146 2503 1)
164 2433 199 2487 N
214 2435 218 2503 l
240 2432 389 2486 obseruare
403 2432 444 2485 B¹
463 2433 473 2500 11
490 2435 506 2483 3
525 2430 643 2485 fauebat
660 2447 711 2485 ora.
732 2431 775 2500 Ol
796 2430 924 2500 positura
942 2431 1003 2499 13¹1
1020 2448 1084 2483 cum

68 2512 129 2572 post
146 2504 222 2559 circa
240 2505 304 2558 add.
320 2503 360 2556 B¹
379 2519 409 2556 sc
427 2504 493 2557 add.
511 2502 534 2557 0
550 2500 730 2555 circumcirca
742 2503 861 2557 Iaboias
880 2501 955 2555 circa
974 2500 1083 2556 scilicet

68 2574 198 2630 Doberos
216 2574 291 2656 circa
310 2573 384 2628 enim
401 2574 532 2655 Halotias
545 2575 585 2643 tlt
605 2572 743 2675 apriferpe
756 2574 797 2627 B¹
817 2571 939 2627 aurifera
957 2575 1001 2627 est
1017 2575 1083 2627 Iah-

68 2643 414 2785 tthhtdlttttlt
431 2645 621 2785 sitiit
640 2643 1083 2786 ssitittttdftttttli

68 2785 255 2842 Bacbrcrsias
280 2790 283 2856 Ι
310 2786 350 2841 sic
373 2788 468 2840 astare
487 2787 527 2840 B¹
551 2785 576 2840 si
598 2793 709 2840 castum
731 2802 774 2839 res
794 2786 828 2839 N
848 2785 888 2841 sic
909 2789 1017 2842 astures
1037 2789 1067 2840 N
1073 2787 1083 2817 ²

68 2858 110 2912 sic
137 2858 268 2912 hastures
291 2858 317 2911 L
342 2860 346 2927 Ι
371 2860 405 2910 ut
431 2855 553 2911 latentes
577 2858 612 2911 N
634 2859 666 2910 ut
692 2857 832 2911 lactantes
855 2858 882 2911 L
910 2857 940 2911 ui
962 2858 1083 2912 latentes

68 2927 189 2985 Iahnius
207 2931 216 2999 ll
234 2935 250 2982 6
265 2935 329 2998 post
346 2928 486 2997 profundo
505 2929 652 2997 (posterior
670 2945 686 2981 o
705 2932 794 2999 erasa)
813 2930 914 2984 desinit
932 2929 972 2982 B¹
991 2931 1023 2982 iri
1041 2945 1083 2983 eo-

68 2999 141 3056 dicr's
154 3003 263 3071 papiria
280 3001 393 3067 altiora,
416 3000 495 3054 craias
512 3001 562 3054 cix
580 3005 680 3069 quarta
694 3017 764 3069 pars
782 3002 889 3069 expleta
907 3006 945 3054 eat
969 3001 973 3068 Ι
999 3000 1083 3067 atque

68 3067 129 3126 diui
158 3070 275 3125 diuitias
298 3071 324 3124 L
351 3073 360 3140 ΙΙ
388 3076 403 3124 8
428 3087 478 3125 oro.
500 3069 524 3124 0
548 3072 558 3139 ΙΙ
586 3075 619 3123 10
644 3070 681 3123 ad
705 3079 767 3125 aute
791 3070 1009 3140 septentrionem
1032 3086 1082 3125 om.

68 3137 103 3198 N
121 3145 131 3213 ΙΙ
155 3148 187 3196 11
213 3141 368 3196 danubium
386 3141 414 3195 L
438 3140 443 3213 Ι
468 3157 580 3208 ecyrum
599 3141 633 3195 N
652 3140 741 3194 cirum
759 3143 797 3197 L:
817 3159 885 3197 corr.
905 3141 1057 3196 Salmasius
1078 3142 1081 3210 l

68 3215 199 3267 eufraten
217 3214 252 3267 N
266 3212 373 3267 eufrate
393 3213 420 3266 L
438 3214 447 3281 l
470 3217 502 3264 12
521 3210 566 3265 illi
584 3213 731 3280 (posterior
748 3210 759 3264 l
777 3230 864 3282 sopra
881 3229 987 3267 versam
1004 3229 1039 3266 ro.
1054 3215 1083 3277 2)

68 3278 103 3338 N
112 3287 122 3355 ΙΙ
137 3290 170 3337 13
184 3284 346 3340 uictoriam:
361 3301 430 3339 corr.
442 3301 484 3354 oq.
501 3285 505 3350 Ι
521 3281 620 3352 populi
632 3282 754 3340 romani:
769 3302 864 3339 carro
884 3283 1082 3354 .[R0manum]

70 3351 179 3411 Tollius
195 3358 205 3425 ll
225 3360 258 3409 14
277 3356 374 3424 scytha
394 3358 418 3424 (s
436 3372 523 3423 capra
541 3372 646 3409 versam
664 3373 697 3408 m.
713 3357 743 3424 2)
763 3355 797 3408 N
811 3301 901 3408 scitbe
915 3355 942 3408 L
959 3356 968 3422 ll
989 3359 1022 3406 16
1041 3353 1083 3407 in-

68 3420 164 3481 dicam
186 3426 304 3497 gemmis
323 3428 350 3481 L
372 3429 382 3498 y
406 3431 438 3478 17
457 3427 587 3479 munerat
605 3427 628 3495 (t
646 3428 782 3494 exparte
799 3445 833 3480 m.
850 3428 876 3494 1)
894 3426 929 3480 N
947 3427 956 3494 ΙΙ
980 3431 1012 3478 as
1031 3423 1083 3478 im-

68 3498 218 3560 putabant.
229 3499 255 3552 L
272 3500 275 3566 Ι
292 3516 376 3567 quam
395 3504 458 3552 cate
473 3496 656 3565 quadriennio
671 3498 730 3566 (sic)
744 3498 808 3551 add.
819 3497 846 3548 L
860 3499 868 3566 ΙΙ
884 3501 917 3549 19
932 3497 961 3550 et
974 3497 1082 3551 tamen:

69 3579 140 3624 corr.
155 3569 338 3625 Mommseaas
351 3571 448 3624 tamen
461 3570 512 3623 det.
527 3568 615 3623 Areua
628 3568 720 3622 Fabri
736 3570 740 3637 Ι
756 3566 836 3636 hipse
851 3567 880 3637 (h
895 3570 1042 3638 expamtal
1059 3568 1086 3621 L

244 3866 356 3890 ,ἡ
