<?xml version="1.0" encoding="UTF-8"?>
<!DOCTYPE html PUBLIC "-//W3C//DTD XHTML 1.0 Transitional//EN"
    "http://www.w3.org/TR/xhtml1/DTD/xhtml1-transitional.dtd">
<html xmlns="http://www.w3.org/1999/xhtml" xml:lang="en" lang="en">
 <head>
  <title>
</title>
<meta http-equiv="Content-Type" content="text/html;charset=utf-8" />
  <meta name='ocr-system' content='tesseract 3.04.00' />
  <meta name='ocr-capabilities' content='ocr_page ocr_carea ocr_par ocr_line ocrx_word'/>
</head>
<body>
  <div class='ocr_page' id='page_1' title='image "./lannaeifloriepi01florgoog_0032.png"; bbox 0 0 2386 3922; ppageno 0'>
   <div class='ocr_carea' id='block_1_1' title="bbox 392 194 1097 252">
    <p class='ocr_par' dir='ltr' id='par_1_1' title="bbox 392 194 1097 252">
     <span class='ocr_line' id='line_1_1' title="bbox 392 194 1097 252; baseline 0.009 -6"><span class='ocrx_word' id='word_1_1' title='bbox 392 195 596 251; x_wconf 77' lang='lat' dir='ltr'>PRAEFATIO</span> <span class='ocrx_word' id='word_1_2' title='bbox 615 199 785 252; x_wconf 81' lang='lat' dir='ltr'>EDITORIS</span> <span class='ocrx_word' id='word_1_3' title='bbox 1018 194 1097 252; x_wconf 88' lang='lat' dir='ltr'><strong><em>XXV</em></strong></span> 
     </span>
    </p>
   </div>
   <div class='ocr_carea' id='block_1_2' title="bbox 77 356 1131 2309">
    <p class='ocr_par' dir='ltr' id='par_1_2' title="bbox 77 356 1100 1599">
     <span class='ocr_line' id='line_1_2' title="bbox 77 356 1097 446; baseline -0.004 -18"><span class='ocrx_word' id='word_1_4' title='bbox 77 365 175 428; x_wconf 77' lang='lat' dir='ltr'><strong><em>verba</em></strong></span> <span class='ocrx_word' id='word_1_5' title='bbox 202 356 282 446; x_wconf 77' lang='lat' dir='ltr'><strong><em>(cap.</em></strong></span> <span class='ocrx_word' id='word_1_6' title='bbox 304 367 354 439; x_wconf 81' lang='lat'><strong><em>19,</em></strong></span> <span class='ocrx_word' id='word_1_7' title='bbox 374 361 408 441; x_wconf 91' lang='grc'><strong><em>3)</em></strong></span> <span class='ocrx_word' id='word_1_8' title='bbox 435 366 555 425; x_wconf 78' lang='lat' dir='ltr'><strong><em>Parthis</em></strong></span> <span class='ocrx_word' id='word_1_9' title='bbox 580 363 709 425; x_wconf 79' lang='lat' dir='ltr'><em>Arsaces</em></span> <span class='ocrx_word' id='word_1_10' title='bbox 735 365 859 442; x_wconf 90' lang='lat' dir='ltr'><strong><em>propius</em></strong></span> <span class='ocrx_word' id='word_1_11' title='bbox 887 366 998 426; x_wconf 89' lang='lat' dir='ltr'><strong><em>absunt</em></strong></span> <span class='ocrx_word' id='word_1_12' title='bbox 1024 385 1043 425; x_wconf 90' lang='lat' dir='ltr'><strong><em>a</em></strong></span> <span class='ocrx_word' id='word_1_13' title='bbox 1070 367 1097 424; x_wconf 89' lang='lat' dir='ltr'><strong>B</strong></span> 
     </span>
     <span class='ocr_line' id='line_1_3' title="bbox 81 446 1097 534; baseline 0.001 -21"><span class='ocrx_word' id='word_1_14' title='bbox 81 455 136 532; x_wconf 90' lang='lat' dir='ltr'><strong><em>qui</em></strong></span> <span class='ocrx_word' id='word_1_15' title='bbox 163 458 284 514; x_wconf 76' lang='lat' dir='ltr'><strong><em>artaxer</em></strong></span> <span class='ocrx_word' id='word_1_16' title='bbox 310 471 357 513; x_wconf 87' lang='lat' dir='ltr'><strong><em>ser</em></strong></span> <span class='ocrx_word' id='word_1_17' title='bbox 378 472 442 527; x_wconf 84' lang='lat' dir='ltr'><strong><em>par</em></strong></span> <span class='ocrx_word' id='word_1_18' title='bbox 468 455 524 514; x_wconf 78' lang='lat' dir='ltr'><strong><em>titis</em></strong></span> <span class='ocrx_word' id='word_1_19' title='bbox 550 453 643 515; x_wconf 88' lang='lat' dir='ltr'><strong><em>habet</em></strong></span> <span class='ocrx_word' id='word_1_20' title='bbox 670 474 762 532; x_wconf 88' lang='lat' dir='ltr'><strong><em>quam</em></strong></span> <span class='ocrx_word' id='word_1_21' title='bbox 788 473 807 513; x_wconf 90' lang='lat' dir='ltr'><strong><em>a</em></strong></span> <span class='ocrx_word' id='word_1_22' title='bbox 835 452 858 514; x_wconf 81' lang='lat' dir='ltr'>C</span> <span class='ocrx_word' id='word_1_23' title='bbox 886 446 1045 534; x_wconf 76' lang='lat' dir='ltr'><strong><em>(artaxatis</em></strong></span> <span class='ocrx_word' id='word_1_24' title='bbox 1067 455 1097 514; x_wconf 89' lang='lat' dir='ltr'>N</span> 
     </span>
     <span class='ocr_line' id='line_1_4' title="bbox 82 534 1099 621; baseline 0 -17"><span class='ocrx_word' id='word_1_25' title='bbox 82 545 226 604; x_wconf 83' lang='lat' dir='ltr'><strong><em>artasatis</em></strong></span> <span class='ocrx_word' id='word_1_26' title='bbox 249 534 320 621; x_wconf 82' lang='lat' dir='ltr'>L¹)‚</span> <span class='ocrx_word' id='word_1_27' title='bbox 351 542 404 619; x_wconf 91' lang='lat' dir='ltr'><strong><em>qui</em></strong></span> <span class='ocrx_word' id='word_1_28' title='bbox 430 562 539 603; x_wconf 93' lang='lat' dir='ltr'><strong><em>nomen</em></strong></span> <span class='ocrx_word' id='word_1_29' title='bbox 556 541 706 603; x_wconf 79' lang='lat' dir='ltr'><strong><em>Artaxata</em></strong></span> <span class='ocrx_word' id='word_1_30' title='bbox 729 563 766 603; x_wconf 85' lang='lat' dir='ltr'><strong><em>ex</em></strong></span> <span class='ocrx_word' id='word_1_31' title='bbox 786 543 868 603; x_wconf 92' lang='lat' dir='ltr'><strong><em>bello</em></strong></span> <span class='ocrx_word' id='word_1_32' title='bbox 891 544 1099 604; x_wconf 80' lang='lat' dir='ltr'><strong><em>Mithridatico</em></strong></span> 
     </span>
     <span class='ocr_line' id='line_1_5' title="bbox 83 621 1098 714; baseline 0 -22"><span class='ocrx_word' id='word_1_33' title='bbox 83 623 114 714; x_wconf 91' lang='grc' dir='ltr'><strong><em>(Ι</em></strong></span> <span class='ocrx_word' id='word_1_34' title='bbox 131 635 186 710; x_wconf 87' lang='grc'><strong><em>40,</em></strong></span> <span class='ocrx_word' id='word_1_35' title='bbox 206 621 263 712; x_wconf 81' lang='grc'><strong><em>27)</em></strong></span> <span class='ocrx_word' id='word_1_36' title='bbox 287 635 421 692; x_wconf 85' lang='lat' dir='ltr'><strong><em>noverat.</em></strong></span> <span class='ocrx_word' id='word_1_37' title='bbox 457 631 512 692; x_wconf 90' lang='lat' dir='ltr'><strong><em>illo</em></strong></span> <span class='ocrx_word' id='word_1_38' title='bbox 534 632 631 710; x_wconf 82' lang='lat' dir='ltr'><strong><em>igitur</em></strong></span> <span class='ocrx_word' id='word_1_39' title='bbox 653 632 835 692; x_wconf 80' lang='lat' dir='ltr'><strong><em>recensionis</em></strong></span> <span class='ocrx_word' id='word_1_40' title='bbox 856 633 1042 692; x_wconf 84' lang='lat' dir='ltr'><strong><em>Nauarianae</em></strong></span> <span class='ocrx_word' id='word_1_41' title='bbox 1066 636 1098 692; x_wconf 91' lang='lat' dir='ltr'><strong><em>et</em></strong></span> 
     </span>
     <span class='ocr_line' id='line_1_6' title="bbox 85 719 1097 799; baseline -0.002 -17"><span class='ocrx_word' id='word_1_42' title='bbox 85 719 185 782; x_wconf 88' lang='lat' dir='ltr'><strong><em>Orosii</em></strong></span> <span class='ocrx_word' id='word_1_43' title='bbox 208 737 356 780; x_wconf 89' lang='lat' dir='ltr'><strong><em>consensu</em></strong></span> <span class='ocrx_word' id='word_1_44' title='bbox 379 720 515 797; x_wconf 91' lang='lat' dir='ltr'><strong><em>quinon</em></strong></span> <span class='ocrx_word' id='word_1_45' title='bbox 537 721 582 780; x_wconf 88' lang='lat' dir='ltr'><strong><em>ita</em></strong></span> <span class='ocrx_word' id='word_1_46' title='bbox 604 722 744 799; x_wconf 81' lang='lat' dir='ltr'><strong><em>frequens</em></strong></span> <span class='ocrx_word' id='word_1_47' title='bbox 768 721 908 781; x_wconf 90' lang='lat' dir='ltr'><strong><em>estnihil</em></strong></span> <span class='ocrx_word' id='word_1_48' title='bbox 927 722 1009 781; x_wconf 93' lang='lat' dir='ltr'><strong><em>aliud</em></strong></span> <span class='ocrx_word' id='word_1_49' title='bbox 1028 741 1097 798; x_wconf 91' lang='lat' dir='ltr'><strong><em>pro·</em></strong></span> 
     </span>
     <span class='ocr_line' id='line_1_7' title="bbox 84 809 1099 888; baseline 0.001 -18"><span class='ocrx_word' id='word_1_50' title='bbox 84 810 176 870; x_wconf 87' lang='lat' dir='ltr'><strong><em>batur</em></strong></span> <span class='ocrx_word' id='word_1_51' title='bbox 206 809 266 868; x_wconf 88' lang='lat' dir='ltr'><strong><em>nisi</em></strong></span> <span class='ocrx_word' id='word_1_52' title='bbox 292 809 353 867; x_wconf 86' lang='lat' dir='ltr'><strong><em>iam</em></strong></span> <span class='ocrx_word' id='word_1_53' title='bbox 380 809 471 868; x_wconf 90' lang='lat' dir='ltr'><strong><em>huius</em></strong></span> <span class='ocrx_word' id='word_1_54' title='bbox 499 812 599 870; x_wconf 89' lang='lat' dir='ltr'><strong><em>aetate</em></strong></span> <span class='ocrx_word' id='word_1_55' title='bbox 623 810 705 870; x_wconf 80' lang='lat' dir='ltr'><strong><em>Flori</em></strong></span> <span class='ocrx_word' id='word_1_56' title='bbox 736 810 917 886; x_wconf 88' lang='lat' dir='ltr'><strong><em>exemplaria</em></strong></span> <span class='ocrx_word' id='word_1_57' title='bbox 940 810 1099 888; x_wconf 80' lang='lat' dir='ltr'><strong><em>divulgata</em></strong></span> 
     </span>
     <span class='ocr_line' id='line_1_8' title="bbox 84 898 1099 975; baseline 0 -17"><span class='ocrx_word' id='word_1_58' title='bbox 84 899 178 958; x_wconf 80' lang='lat' dir='ltr'><strong><em>fnisse</em></strong></span> <span class='ocrx_word' id='word_1_59' title='bbox 212 916 290 975; x_wconf 90' lang='lat' dir='ltr'><strong><em>quae</em></strong></span> <span class='ocrx_word' id='word_1_60' title='bbox 325 898 444 975; x_wconf 83' lang='lat' dir='ltr'><strong><em>aliquot</em></strong></span> <span class='ocrx_word' id='word_1_61' title='bbox 471 898 635 975; x_wconf 87' lang='lat' dir='ltr'><strong><em>scripturas</em></strong></span> <span class='ocrx_word' id='word_1_62' title='bbox 662 918 732 958; x_wconf 92' lang='lat' dir='ltr'><strong><em>cum</em></strong></span> <span class='ocrx_word' id='word_1_63' title='bbox 758 899 787 957; x_wconf 89' lang='lat' dir='ltr'>N</span> <span class='ocrx_word' id='word_1_64' title='bbox 814 901 846 958; x_wconf 89' lang='lat' dir='ltr'><strong><em>et</em></strong></span> <span class='ocrx_word' id='word_1_65' title='bbox 871 898 897 956; x_wconf 86' lang='lat' dir='ltr'>L</span> <span class='ocrx_word' id='word_1_66' title='bbox 925 918 1099 959; x_wconf 89' lang='lat' dir='ltr'><strong><em>communes</em></strong></span> 
     </span>
     <span class='ocr_line' id='line_1_9' title="bbox 82 986 1099 1064; baseline -0.001 -16"><span class='ocrx_word' id='word_1_67' title='bbox 82 987 241 1048; x_wconf 77' lang='lat' dir='ltr'><strong><em>haberent.</em></strong></span> <span class='ocrx_word' id='word_1_68' title='bbox 285 986 317 1045; x_wconf 90' lang='lat' dir='ltr'><strong><em>id</em></strong></span> <span class='ocrx_word' id='word_1_69' title='bbox 345 986 426 1063; x_wconf 90' lang='lat' dir='ltr'><strong><em>quod</em></strong></span> <span class='ocrx_word' id='word_1_70' title='bbox 448 987 559 1046; x_wconf 90' lang='lat' dir='ltr'><strong><em>mirum</em></strong></span> <span class='ocrx_word' id='word_1_71' title='bbox 581 987 638 1047; x_wconf 90' lang='lat' dir='ltr'><strong><em>tibi</em></strong></span> <span class='ocrx_word' id='word_1_72' title='bbox 659 1007 720 1047; x_wconf 93' lang='lat' dir='ltr'><strong><em>non</em></strong></span> <span class='ocrx_word' id='word_1_73' title='bbox 742 987 908 1064; x_wconf 84' lang='lat' dir='ltr'><strong><em>videbitur,</em></strong></span> <span class='ocrx_word' id='word_1_74' title='bbox 936 988 1099 1048; x_wconf 90' lang='lat' dir='ltr'><strong><em>dummodo</em></strong></span> 
     </span>
     <span class='ocr_line' id='line_1_10' title="bbox 81 1075 1099 1154; baseline -0.001 -18"><span class='ocrx_word' id='word_1_75' title='bbox 81 1075 274 1154; x_wconf 84' lang='lat' dir='ltr'><strong><em>reputaveris</em></strong></span> <span class='ocrx_word' id='word_1_76' title='bbox 300 1075 362 1134; x_wconf 90' lang='lat' dir='ltr'><strong><em>iam</em></strong></span> <span class='ocrx_word' id='word_1_77' title='bbox 390 1094 426 1134; x_wconf 87' lang='lat' dir='ltr'><strong><em>ex</em></strong></span> <span class='ocrx_word' id='word_1_78' title='bbox 453 1076 524 1134; x_wconf 88' lang='lat' dir='ltr'><strong><em>crisi</em></strong></span> <span class='ocrx_word' id='word_1_79' title='bbox 552 1077 732 1152; x_wconf 85' lang='lat' dir='ltr'><strong><em>scriptorum</em></strong></span> <span class='ocrx_word' id='word_1_80' title='bbox 756 1077 940 1137; x_wconf 80' lang='lat' dir='ltr'><strong><em>Graecorum</em></strong></span> <span class='ocrx_word' id='word_1_81' title='bbox 963 1080 994 1137; x_wconf 91' lang='lat' dir='ltr'><strong><em>et</em></strong></span> <span class='ocrx_word' id='word_1_82' title='bbox 1016 1076 1099 1135; x_wconf 90' lang='lat' dir='ltr'><strong><em>Lati-</em></strong></span> 
     </span>
     <span class='ocr_line' id='line_1_11' title="bbox 83 1165 1099 1243; baseline -0.002 -17"><span class='ocrx_word' id='word_1_83' title='bbox 83 1185 208 1243; x_wconf 90' lang='lat' dir='ltr'><strong><em>norum,</em></strong></span> <span class='ocrx_word' id='word_1_84' title='bbox 246 1184 375 1242; x_wconf 87' lang='lat' dir='ltr'><strong><em>quorum</em></strong></span> <span class='ocrx_word' id='word_1_85' title='bbox 411 1167 466 1224; x_wconf 88' lang='lat' dir='ltr'><strong><em>aut</em></strong></span> <span class='ocrx_word' id='word_1_86' title='bbox 496 1165 687 1225; x_wconf 79' lang='lat' dir='ltr'><strong><em>membranae</em></strong></span> <span class='ocrx_word' id='word_1_87' title='bbox 719 1169 774 1226; x_wconf 90' lang='lat' dir='ltr'><strong><em>aut</em></strong></span> <span class='ocrx_word' id='word_1_88' title='bbox 804 1165 914 1242; x_wconf 88' lang='lat' dir='ltr'><strong><em>papyri</em></strong></span> <span class='ocrx_word' id='word_1_89' title='bbox 946 1165 1099 1224; x_wconf 82' lang='lat' dir='ltr'><strong><em>codicibus</em></strong></span> 
     </span>
     <span class='ocr_line' id='line_1_12' title="bbox 82 1253 1100 1330; baseline -0.002 -15"><span class='ocrx_word' id='word_1_90' title='bbox 82 1254 236 1315; x_wconf 79' lang='lat' dir='ltr'><strong><em>Florianis</em></strong></span> <span class='ocrx_word' id='word_1_91' title='bbox 268 1254 366 1313; x_wconf 91' lang='lat' dir='ltr'><strong><em>multo</em></strong></span> <span class='ocrx_word' id='word_1_92' title='bbox 399 1253 583 1314; x_wconf 84' lang='lat' dir='ltr'><strong><em>vetustiores</em></strong></span> <span class='ocrx_word' id='word_1_93' title='bbox 614 1257 747 1314; x_wconf 87' lang='lat' dir='ltr'><strong><em>aetatem</em></strong></span> <span class='ocrx_word' id='word_1_94' title='bbox 778 1255 929 1330; x_wconf 88' lang='lat' dir='ltr'><strong><em>tulerunt,</em></strong></span> <span class='ocrx_word' id='word_1_95' title='bbox 961 1257 1100 1313; x_wconf 81' lang='lat' dir='ltr'><strong><em>constare</em></strong></span> 
     </span>
     <span class='ocr_line' id='line_1_13' title="bbox 86 1342 1099 1422; baseline 0 -20"><span class='ocrx_word' id='word_1_96' title='bbox 86 1343 269 1422; x_wconf 81' lang='lat' dir='ltr'><strong><em>gravissima</em></strong></span> <span class='ocrx_word' id='word_1_97' title='bbox 292 1360 429 1419; x_wconf 91' lang='lat' dir='ltr'><strong><em>quaeque</em></strong></span> <span class='ocrx_word' id='word_1_98' title='bbox 452 1342 529 1403; x_wconf 86' lang='lat' dir='ltr'><strong><em>vitia</em></strong></span> <span class='ocrx_word' id='word_1_99' title='bbox 552 1346 583 1402; x_wconf 93' lang='lat' dir='ltr'><strong><em>et</em></strong></span> <span class='ocrx_word' id='word_1_100' title='bbox 604 1343 853 1419; x_wconf 70' lang='lat' dir='ltr'><strong><em>interpolationes</em></strong></span> <span class='ocrx_word' id='word_1_101' title='bbox 875 1342 935 1401; x_wconf 91' lang='lat' dir='ltr'><strong><em>nisi</em></strong></span> <span class='ocrx_word' id='word_1_102' title='bbox 962 1343 1099 1402; x_wconf 89' lang='lat' dir='ltr'><strong><em>codicum</em></strong></span> 
     </span>
     <span class='ocr_line' id='line_1_14' title="bbox 85 1431 1099 1510; baseline -0.003 -17"><span class='ocrx_word' id='word_1_103' title='bbox 85 1452 142 1510; x_wconf 89' lang='lat' dir='ltr'><strong><em>ope</em></strong></span> <span class='ocrx_word' id='word_1_104' title='bbox 166 1451 228 1491; x_wconf 93' lang='lat' dir='ltr'><strong><em>non</em></strong></span> <span class='ocrx_word' id='word_1_105' title='bbox 250 1431 433 1509; x_wconf 83' lang='lat' dir='ltr'><strong><em>detegendas</em></strong></span> <span class='ocrx_word' id='word_1_106' title='bbox 455 1450 516 1491; x_wconf 92' lang='lat' dir='ltr'><strong><em>non</em></strong></span> <span class='ocrx_word' id='word_1_107' title='bbox 538 1431 637 1490; x_wconf 91' lang='lat' dir='ltr'><strong><em>medio</em></strong></span> <span class='ocrx_word' id='word_1_108' title='bbox 660 1450 750 1509; x_wconf 81' lang='lat' dir='ltr'><strong><em>aevo,</em></strong></span> <span class='ocrx_word' id='word_1_109' title='bbox 773 1433 826 1491; x_wconf 88' lang='lat' dir='ltr'><strong><em>sed</em></strong></span> <span class='ocrx_word' id='word_1_110' title='bbox 847 1432 909 1490; x_wconf 89' lang='lat' dir='ltr'><strong><em>iam</em></strong></span> <span class='ocrx_word' id='word_1_111' title='bbox 931 1431 998 1508; x_wconf 89' lang='lat' dir='ltr'><strong><em>ipsa</em></strong></span> <span class='ocrx_word' id='word_1_112' title='bbox 1021 1432 1099 1492; x_wconf 88' lang='lat' dir='ltr'><strong><em>anti·</em></strong></span> 
     </span>
     <span class='ocr_line' id='line_1_15' title="bbox 86 1514 867 1599; baseline -0.001 -18"><span class='ocrx_word' id='word_1_113' title='bbox 86 1522 207 1599; x_wconf 89' lang='lat' dir='ltr'><strong><em>quitate</em></strong></span> <span class='ocrx_word' id='word_1_114' title='bbox 231 1539 263 1579; x_wconf 91' lang='lat' dir='ltr'><strong><em>se</em></strong></span> <span class='ocrx_word' id='word_1_115' title='bbox 286 1520 318 1579; x_wconf 93' lang='lat' dir='ltr'><strong><em>in</em></strong></span> <span class='ocrx_word' id='word_1_116' title='bbox 341 1539 446 1580; x_wconf 89' lang='lat' dir='ltr'><strong><em>eorum</em></strong></span> <span class='ocrx_word' id='word_1_117' title='bbox 469 1520 636 1580; x_wconf 88' lang='lat' dir='ltr'><strong><em>orationem</em></strong></span> <span class='ocrx_word' id='word_1_118' title='bbox 659 1514 867 1599; x_wconf 61' lang='lat' dir='ltr'><strong><em>insinuassel).</em></strong></span> 
     </span>
    </p>

    <p class='ocr_par' dir='ltr' id='par_1_3' title="bbox 83 1609 1131 2309">
     <span class='ocr_line' id='line_1_16' title="bbox 154 1609 1103 1685; baseline 0 -17"><span class='ocrx_word' id='word_1_119' title='bbox 154 1610 248 1669; x_wconf 89' lang='lat' dir='ltr'><strong><em>Porro</em></strong></span> <span class='ocrx_word' id='word_1_120' title='bbox 277 1609 355 1668; x_wconf 91' lang='lat' dir='ltr'><strong><em>libro</em></strong></span> <span class='ocrx_word' id='word_1_121' title='bbox 382 1609 409 1666; x_wconf 92' lang='lat' dir='ltr'>B</span> <span class='ocrx_word' id='word_1_122' title='bbox 438 1609 649 1685; x_wconf 88' lang='lat' dir='ltr'><strong><em>patrocinatur</em></strong></span> <span class='ocrx_word' id='word_1_123' title='bbox 681 1610 810 1685; x_wconf 87' lang='lat' dir='ltr'><strong><em>scriptor</em></strong></span> <span class='ocrx_word' id='word_1_124' title='bbox 835 1628 896 1668; x_wconf 90' lang='lat' dir='ltr'><strong><em>uno</em></strong></span> <span class='ocrx_word' id='word_1_125' title='bbox 922 1611 1044 1668; x_wconf 87' lang='lat' dir='ltr'><strong><em>tantum</em></strong></span> <span class='ocrx_word' id='word_1_126' title='bbox 1071 1612 1103 1668; x_wconf 90' lang='lat' dir='ltr'><strong><em>et</em></strong></span> 
     </span>
     <span class='ocr_line' id='line_1_17' title="bbox 87 1696 1101 1776; baseline 0 -19"><span class='ocrx_word' id='word_1_127' title='bbox 87 1699 171 1776; x_wconf 89' lang='lat' dir='ltr'><strong><em>qnod</em></strong></span> <span class='ocrx_word' id='word_1_128' title='bbox 194 1698 327 1757; x_wconf 85' lang='lat' dir='ltr'><strong><em>excurrit</em></strong></span> <span class='ocrx_word' id='word_1_129' title='bbox 349 1698 470 1758; x_wconf 86' lang='lat' dir='ltr'><strong><em>saeculo</em></strong></span> <span class='ocrx_word' id='word_1_130' title='bbox 492 1698 642 1757; x_wconf 88' lang='lat' dir='ltr'><strong><em>recentior</em></strong></span> <span class='ocrx_word' id='word_1_131' title='bbox 665 1696 778 1758; x_wconf 91' lang='lat' dir='ltr'><strong><em>Orosio.</em></strong></span> <span class='ocrx_word' id='word_1_132' title='bbox 823 1698 1012 1758; x_wconf 87' lang='lat' dir='ltr'><strong><em>Iordanem</em></strong></span> <span class='ocrx_word' id='word_1_133' title='bbox 1035 1698 1101 1757; x_wconf 91' lang='lat' dir='ltr'><strong><em>dico</em></strong></span> 
     </span>
     <span class='ocr_line' id='line_1_18' title="bbox 86 1779 1131 1868; baseline 0.001 -23"><span class='ocrx_word' id='word_1_134' title='bbox 86 1779 135 1868; x_wconf 84' lang='lat'><strong><em>(1)</em></strong></span> <span class='ocrx_word' id='word_1_135' title='bbox 159 1788 213 1864; x_wconf 90' lang='lat' dir='ltr'><strong><em>qui</em></strong></span> <span class='ocrx_word' id='word_1_136' title='bbox 234 1787 313 1846; x_wconf 92' lang='lat' dir='ltr'><strong><em>libro</em></strong></span> <span class='ocrx_word' id='word_1_137' title='bbox 342 1787 377 1845; x_wconf 83' lang='lat' dir='ltr'><strong><em>de</em></strong></span> <span class='ocrx_word' id='word_1_138' title='bbox 402 1804 519 1846; x_wconf 76' lang='lat' dir='ltr'><strong><em>saamsa</em></strong></span> <span class='ocrx_word' id='word_1_139' title='bbox 547 1791 706 1861; x_wconf 83' lang='lat' dir='ltr'><strong><em>temporam</em></strong></span> <span class='ocrx_word' id='word_1_140' title='bbox 732 1789 777 1846; x_wconf 85' lang='lat' dir='ltr'><strong><em>cet</em></strong></span> <span class='ocrx_word' id='word_1_141' title='bbox 803 1789 914 1862; x_wconf 78' lang='lat' dir='ltr'><strong><em>criptae</em></strong></span> <span class='ocrx_word' id='word_1_142' title='bbox 936 1789 1131 1861; x_wconf 79' lang='lat' dir='ltr'><strong><em>actibusqaeI</em></strong></span> 
     </span>
     <span class='ocr_line' id='line_1_19' title="bbox 83 1874 1103 1951; baseline -0.001 -15"><span class='ocrx_word' id='word_1_143' title='bbox 83 1879 181 1951; x_wconf 67' lang='lat' dir='ltr'><strong><em>ecam</em></strong></span> <span class='ocrx_word' id='word_1_144' title='bbox 203 1875 406 1934; x_wconf 74' lang='lat' dir='ltr'><strong><em>Rornanorum</em></strong></span> <span class='ocrx_word' id='word_1_145' title='bbox 428 1894 506 1934; x_wconf 86' lang='lat' dir='ltr'><strong><em>auno</em></strong></span> <span class='ocrx_word' id='word_1_146' title='bbox 528 1895 557 1950; x_wconf 89' lang='lat' dir='ltr'><strong><em>p.</em></strong></span> <span class='ocrx_word' id='word_1_147' title='bbox 581 1874 649 1936; x_wconf 77' lang='lat' dir='ltr'><strong><em>chr.</em></strong></span> <span class='ocrx_word' id='word_1_148' title='bbox 668 1897 697 1936; x_wconf 93' lang='lat' dir='ltr'><strong><em>n.</em></strong></span> <span class='ocrx_word' id='word_1_149' title='bbox 714 1875 785 1935; x_wconf 89' lang='lat' dir='ltr'><strong><em>DLI</em></strong></span> <span class='ocrx_word' id='word_1_150' title='bbox 808 1876 888 1936; x_wconf 85' lang='lat' dir='ltr'><strong><em>edito</em></strong></span> <span class='ocrx_word' id='word_1_151' title='bbox 912 1876 957 1936; x_wconf 83' lang='lat' dir='ltr'><strong><em>ite</em></strong></span> <span class='ocrx_word' id='word_1_152' title='bbox 979 1876 1103 1936; x_wconf 81' lang='lat' dir='ltr'><strong><em>Florum</em></strong></span> 
     </span>
     <span class='ocr_line' id='line_1_20' title="bbox 86 1964 1103 2042; baseline 0 -18"><span class='ocrx_word' id='word_1_153' title='bbox 86 1965 121 2024; x_wconf 89' lang='lat' dir='ltr'><strong><em>in</em></strong></span> <span class='ocrx_word' id='word_1_154' title='bbox 149 1983 241 2024; x_wconf 89' lang='lat' dir='ltr'><strong><em>nsum</em></strong></span> <span class='ocrx_word' id='word_1_155' title='bbox 268 1983 358 2023; x_wconf 88' lang='lat' dir='ltr'><strong><em>suum</em></strong></span> <span class='ocrx_word' id='word_1_156' title='bbox 386 1964 536 2025; x_wconf 84' lang='lat' dir='ltr'><strong><em>convertit</em></strong></span> <span class='ocrx_word' id='word_1_157' title='bbox 562 1968 599 2024; x_wconf 90' lang='lat' dir='ltr'><strong><em>ut</em></strong></span> <span class='ocrx_word' id='word_1_158' title='bbox 626 1965 664 2024; x_wconf 87' lang='lat' dir='ltr'><strong><em>ab</em></strong></span> <span class='ocrx_word' id='word_1_159' title='bbox 691 1965 776 2024; x_wconf 89' lang='lat' dir='ltr'><strong><em>urbis</em></strong></span> <span class='ocrx_word' id='word_1_160' title='bbox 803 1964 974 2042; x_wconf 83' lang='lat' dir='ltr'><strong><em>primordiis</em></strong></span> <span class='ocrx_word' id='word_1_161' title='bbox 1006 1983 1103 2042; x_wconf 89' lang='lat' dir='ltr'><strong><em>nsque</em></strong></span> 
     </span>
     <span class='ocr_line' id='line_1_21' title="bbox 89 2045 1104 2135; baseline -0.001 -22"><span class='ocrx_word' id='word_1_162' title='bbox 89 2055 130 2113; x_wconf 83' lang='lat' dir='ltr'><strong><em>ad</em></strong></span> <span class='ocrx_word' id='word_1_163' title='bbox 152 2053 268 2113; x_wconf 91' lang='lat' dir='ltr'><strong><em>bellum</em></strong></span> <span class='ocrx_word' id='word_1_164' title='bbox 291 2053 520 2113; x_wconf 90' lang='lat' dir='ltr'><strong><em>Macedonicum</em></strong></span> <span class='ocrx_word' id='word_1_165' title='bbox 542 2054 707 2113; x_wconf 89' lang='lat' dir='ltr'><strong><em>secundum</em></strong></span> <span class='ocrx_word' id='word_1_166' title='bbox 734 2048 764 2135; x_wconf 83' lang='grc' dir='ltr'><strong><em>(Ι</em></strong></span> <span class='ocrx_word' id='word_1_167' title='bbox 789 2057 817 2132; x_wconf 82' lang='grc'><strong><em>1,</em></strong></span> <span class='ocrx_word' id='word_1_168' title='bbox 837 2056 955 2130; x_wconf 78' lang='grc'>1-28,</span> <span class='ocrx_word' id='word_1_169' title='bbox 976 2045 1009 2133; x_wconf 86' lang='grc'><strong><em>1)</em></strong></span> <span class='ocrx_word' id='word_1_170' title='bbox 1028 2072 1104 2130; x_wconf 88' lang='lat' dir='ltr'><strong><em>pau-</em></strong></span> 
     </span>
     <span class='ocr_line' id='line_1_22' title="bbox 87 2141 1104 2220; baseline -0.001 -18"><span class='ocrx_word' id='word_1_171' title='bbox 87 2143 133 2202; x_wconf 88' lang='lat' dir='ltr'><strong><em>cis</em></strong></span> <span class='ocrx_word' id='word_1_172' title='bbox 167 2142 286 2202; x_wconf 89' lang='lat' dir='ltr'><strong><em>omissis</em></strong></span> <span class='ocrx_word' id='word_1_173' title='bbox 316 2141 570 2219; x_wconf 88' lang='lat' dir='ltr'><strong><em>paucioribusque</em></strong></span> <span class='ocrx_word' id='word_1_174' title='bbox 602 2141 728 2201; x_wconf 90' lang='lat' dir='ltr'><strong><em>mutatis</em></strong></span> <span class='ocrx_word' id='word_1_175' title='bbox 760 2161 829 2201; x_wconf 91' lang='lat' dir='ltr'><strong><em>eum</em></strong></span> <span class='ocrx_word' id='word_1_176' title='bbox 861 2142 1024 2220; x_wconf 82' lang='lat' dir='ltr'><strong><em>diligenter</em></strong></span> <span class='ocrx_word' id='word_1_177' title='bbox 1055 2161 1104 2201; x_wconf 83' lang='lat' dir='ltr'><strong><em>ex-</em></strong></span> 
     </span>
     <span class='ocr_line' id='line_1_23' title="bbox 88 2229 1104 2309; baseline -0.004 -17"><span class='ocrx_word' id='word_1_178' title='bbox 88 2232 247 2309; x_wconf 90' lang='lat' dir='ltr'><strong><em>primeret,</em></strong></span> <span class='ocrx_word' id='word_1_179' title='bbox 270 2230 377 2289; x_wconf 92' lang='lat' dir='ltr'><strong><em>deinde</em></strong></span> <span class='ocrx_word' id='word_1_180' title='bbox 400 2250 438 2289; x_wconf 88' lang='lat' dir='ltr'><strong><em>ex</em></strong></span> <span class='ocrx_word' id='word_1_181' title='bbox 460 2230 542 2290; x_wconf 90' lang='lat' dir='ltr'><strong><em>Rufii</em></strong></span> <span class='ocrx_word' id='word_1_182' title='bbox 563 2229 646 2289; x_wconf 79' lang='lat' dir='ltr'><strong><em>Festi</em></strong></span> <span class='ocrx_word' id='word_1_183' title='bbox 667 2229 816 2289; x_wconf 86' lang='lat' dir='ltr'><strong><em>breviario</em></strong></span> <span class='ocrx_word' id='word_1_184' title='bbox 841 2230 989 2307; x_wconf 89' lang='lat' dir='ltr'><strong><em>quaedam</em></strong></span> <span class='ocrx_word' id='word_1_185' title='bbox 1011 2231 1104 2290; x_wconf 91' lang='lat' dir='ltr'><strong><em>inter-</em></strong></span> 
     </span>
    </p>
   </div>
   <div class='ocr_carea' id='block_1_3' title="bbox 87 2309 1104 2401">
    <p class='ocr_par' dir='ltr' id='par_1_4' title="bbox 87 2309 1104 2401">
     <span class='ocr_line' id='line_1_24' title="bbox 87 2309 1104 2401; baseline -0.005 -20"><span class='ocrx_word' id='word_1_186' title='bbox 87 2311 267 2401; x_wconf 79' lang='lat' dir='ltr'><strong><em>poneret³)‚</em></strong></span> <span class='ocrx_word' id='word_1_187' title='bbox 299 2321 450 2396; x_wconf 86' lang='lat' dir='ltr'><strong><em>postremo</em></strong></span> <span class='ocrx_word' id='word_1_188' title='bbox 479 2318 510 2376; x_wconf 95' lang='lat' dir='ltr'><strong><em>in</em></strong></span> <span class='ocrx_word' id='word_1_189' title='bbox 538 2318 618 2377; x_wconf 91' lang='lat' dir='ltr'><strong><em>bello</em></strong></span> <span class='ocrx_word' id='word_1_190' title='bbox 645 2317 787 2376; x_wconf 88' lang='lat' dir='ltr'><strong><em>Parthico</em></strong></span> <span class='ocrx_word' id='word_1_191' title='bbox 816 2309 935 2399; x_wconf 83' lang='lat'>(146),</span> <span class='ocrx_word' id='word_1_192' title='bbox 963 2318 995 2376; x_wconf 91' lang='lat' dir='ltr'><strong><em>in</em></strong></span> <span class='ocrx_word' id='word_1_193' title='bbox 1023 2319 1104 2377; x_wconf 91' lang='lat' dir='ltr'><strong><em>bello</em></strong></span> 
     </span>
    </p>
   </div>
   <div class='ocr_carea' id='block_1_4' title="bbox 87 2575 1117 3642">
    <p class='ocr_par' dir='ltr' id='par_1_5' title="bbox 87 2575 1109 3146">
     <span class='ocr_line' id='line_1_25' title="bbox 164 2575 1105 2647; baseline -0.003 -15"><span class='ocrx_word' id='word_1_194' title='bbox 164 2579 191 2647; x_wconf 90' lang='lat'><strong><em>1)</em></strong></span> <span class='ocrx_word' id='word_1_195' title='bbox 216 2593 251 2632; x_wconf 89' lang='lat' dir='ltr'><strong><em>ex</em></strong></span> <span class='ocrx_word' id='word_1_196' title='bbox 272 2576 343 2632; x_wconf 92' lang='lat' dir='ltr'><strong><em>locis</em></strong></span> <span class='ocrx_word' id='word_1_197' title='bbox 367 2575 506 2630; x_wconf 90' lang='lat' dir='ltr'><strong><em>similibus</em></strong></span> <span class='ocrx_word' id='word_1_198' title='bbox 524 2575 601 2631; x_wconf 88' lang='lat' dir='ltr'><strong><em>Flori</em></strong></span> <span class='ocrx_word' id='word_1_199' title='bbox 624 2578 653 2631; x_wconf 86' lang='lat' dir='ltr'><strong><em>et</em></strong></span> <span class='ocrx_word' id='word_1_200' title='bbox 675 2575 752 2631; x_wconf 87' lang='lat' dir='ltr'><strong><em>Festi</em></strong></span> <span class='ocrx_word' id='word_1_201' title='bbox 774 2575 849 2630; x_wconf 86' lang='lat' dir='ltr'><strong><em>inter</em></strong></span> <span class='ocrx_word' id='word_1_202' title='bbox 872 2591 901 2629; x_wconf 88' lang='lat' dir='ltr'><strong><em>se</em></strong></span> <span class='ocrx_word' id='word_1_203' title='bbox 925 2575 1105 2646; x_wconf 84' lang='lat' dir='ltr'><strong><em>comparatis,</em></strong></span> 
     </span>
     <span class='ocr_line' id='line_1_26' title="bbox 87 2647 1105 2728; baseline -0.004 -24"><span class='ocrx_word' id='word_1_204' title='bbox 87 2649 122 2704; x_wconf 91' lang='lat' dir='ltr'><strong><em>id</em></strong></span> <span class='ocrx_word' id='word_1_205' title='bbox 136 2648 213 2718; x_wconf 90' lang='lat' dir='ltr'><strong><em>quod</em></strong></span> <span class='ocrx_word' id='word_1_206' title='bbox 226 2649 260 2702; x_wconf 87' lang='lat' dir='ltr'><strong><em>A.</em></strong></span> <span class='ocrx_word' id='word_1_207' title='bbox 274 2647 430 2702; x_wconf 86' lang='lat' dir='ltr'><strong><em>Eussnerus</em></strong></span> <span class='ocrx_word' id='word_1_208' title='bbox 445 2647 514 2702; x_wconf 82' lang='lat' dir='ltr'><strong><em>fecit</em></strong></span> <span class='ocrx_word' id='word_1_209' title='bbox 528 2647 691 2718; x_wconf 80' lang='lat' dir='ltr'><strong><em>‘Philologi’</em></strong></span> <span class='ocrx_word' id='word_1_210' title='bbox 707 2647 836 2702; x_wconf 87' lang='lat' dir='ltr'>XXXVII</span> <span class='ocrx_word' id='word_1_211' title='bbox 849 2649 940 2728; x_wconf 74' lang='lat'>(1877)</span> <span class='ocrx_word' id='word_1_212' title='bbox 954 2664 982 2717; x_wconf 91' lang='lat' dir='ltr'><strong><em>p.</em></strong></span> <span class='ocrx_word' id='word_1_213' title='bbox 997 2652 1105 2716; x_wconf 61' lang='lat' dir='ltr'><strong><em>ltlsq„</em></strong></span> 
     </span>
     <span class='ocr_line' id='line_1_27' title="bbox 88 2717 1106 2788; baseline -0.002 -14"><span class='ocrx_word' id='word_1_214' title='bbox 88 2737 149 2774; x_wconf 88' lang='lat' dir='ltr'><strong><em>non</em></strong></span> <span class='ocrx_word' id='word_1_215' title='bbox 177 2719 268 2774; x_wconf 91' lang='lat' dir='ltr'><strong><em>solum</em></strong></span> <span class='ocrx_word' id='word_1_216' title='bbox 295 2719 377 2773; x_wconf 91' lang='lat' dir='ltr'><strong><em>illum</em></strong></span> <span class='ocrx_word' id='word_1_217' title='bbox 404 2719 441 2774; x_wconf 88' lang='lat' dir='ltr'><strong><em>ab</em></strong></span> <span class='ocrx_word' id='word_1_218' title='bbox 466 2719 520 2774; x_wconf 92' lang='lat' dir='ltr'><strong><em>hoc</em></strong></span> <span class='ocrx_word' id='word_1_219' title='bbox 547 2717 717 2788; x_wconf 89' lang='lat' dir='ltr'><strong><em>quibusdam</em></strong></span> <span class='ocrx_word' id='word_1_220' title='bbox 744 2717 814 2773; x_wconf 88' lang='lat' dir='ltr'><strong><em>locis</em></strong></span> <span class='ocrx_word' id='word_1_221' title='bbox 847 2718 1017 2788; x_wconf 77' lang='lat' dir='ltr'><strong><em>exscriptum</em></strong></span> <span class='ocrx_word' id='word_1_222' title='bbox 1044 2735 1106 2773; x_wconf 88' lang='lat' dir='ltr'><strong><em>esse</em></strong></span> 
     </span>
     <span class='ocr_line' id='line_1_28' title="bbox 90 2788 1103 2858; baseline -0.002 -13"><span class='ocrx_word' id='word_1_223' title='bbox 90 2791 186 2846; x_wconf 84' lang='lat' dir='ltr'><strong><em>elucet</em></strong></span> <span class='ocrx_word' id='word_1_224' title='bbox 210 2822 244 2832; x_wconf 98' lang='lat'>—</span> <span class='ocrx_word' id='word_1_225' title='bbox 268 2807 325 2858; x_wconf 86' lang='lat' dir='ltr'><strong><em>qua</em></strong></span> <span class='ocrx_word' id='word_1_226' title='bbox 344 2791 379 2844; x_wconf 93' lang='lat' dir='ltr'><strong><em>de</em></strong></span> <span class='ocrx_word' id='word_1_227' title='bbox 397 2807 428 2844; x_wconf 89' lang='lat' dir='ltr'><strong><em>re</em></strong></span> <span class='ocrx_word' id='word_1_228' title='bbox 450 2807 486 2845; x_wconf 91' lang='lat' dir='ltr'><strong><em>ne</em></strong></span> <span class='ocrx_word' id='word_1_229' title='bbox 503 2789 623 2845; x_wconf 86' lang='lat' dir='ltr'><strong><em>Beckius</em></strong></span> <span class='ocrx_word' id='word_1_230' title='bbox 648 2789 762 2858; x_wconf 87' lang='lat' dir='ltr'><strong><em>quidem</em></strong></span> <span class='ocrx_word' id='word_1_231' title='bbox 784 2789 936 2844; x_wconf 74' lang='lat' dir='ltr'><strong><em>‘observat</em></strong></span> <span class='ocrx_word' id='word_1_232' title='bbox 956 2789 991 2844; x_wconf 90' lang='lat' dir='ltr'><strong><em>de</em></strong></span> <span class='ocrx_word' id='word_1_233' title='bbox 1009 2788 1103 2843; x_wconf 80' lang='lat' dir='ltr'><strong><em>Floro’</em></strong></span> 
     </span>
     <span class='ocr_line' id='line_1_29' title="bbox 111 2859 1106 2931; baseline -0.006 -13"><span class='ocrx_word' id='word_1_234' title='bbox 111 2906 119 2918; x_wconf 91' lang='lat'><strong><em>.</em></strong></span> <span class='ocrx_word' id='word_1_235' title='bbox 135 2868 170 2916; x_wconf 90' lang='lat'><strong><em>10</em></strong></span> <span class='ocrx_word' id='word_1_236' title='bbox 189 2860 333 2916; x_wconf 85' lang='lat' dir='ltr'><strong><em>dubitavit</em></strong></span> <span class='ocrx_word' id='word_1_237' title='bbox 351 2893 399 2931; x_wconf 85' lang='lat'><strong><em>-,</em></strong></span> <span class='ocrx_word' id='word_1_238' title='bbox 422 2862 472 2915; x_wconf 92' lang='lat' dir='ltr'><strong><em>sed</em></strong></span> <span class='ocrx_word' id='word_1_239' title='bbox 495 2861 566 2916; x_wconf 86' lang='lat' dir='ltr'><strong><em>alios</em></strong></span> <span class='ocrx_word' id='word_1_240' title='bbox 591 2877 703 2929; x_wconf 91' lang='lat' dir='ltr'><strong><em>quoque</em></strong></span> <span class='ocrx_word' id='word_1_241' title='bbox 726 2862 854 2915; x_wconf 87' lang='lat' dir='ltr'><strong><em>auctores</em></strong></span> <span class='ocrx_word' id='word_1_242' title='bbox 872 2859 1017 2915; x_wconf 85' lang='lat' dir='ltr'><strong><em>adhibitos</em></strong></span> <span class='ocrx_word' id='word_1_243' title='bbox 1036 2876 1106 2914; x_wconf 88' lang='lat' dir='ltr'><strong><em>esse.</em></strong></span> 
     </span>
     <span class='ocr_line' id='line_1_30' title="bbox 87 2881 1109 3002; baseline -0.005 -15"><span class='ocrx_word' id='word_1_244' title='bbox 87 2881 206 2988; x_wconf 52' lang='lat' dir='ltr'><strong><em>blomne</em></strong></span> <span class='ocrx_word' id='word_1_245' title='bbox 225 2934 321 2988; x_wconf 89' lang='lat' dir='ltr'><strong><em>autem</em></strong></span> <span class='ocrx_word' id='word_1_246' title='bbox 339 2931 432 3002; x_wconf 90' lang='lat' dir='ltr'><strong><em>ipsum</em></strong></span> <span class='ocrx_word' id='word_1_247' title='bbox 450 2932 477 2987; x_wconf 87' lang='lat' dir='ltr'><strong><em>ei</em></strong></span> <span class='ocrx_word' id='word_1_248' title='bbox 495 2933 532 2988; x_wconf 93' lang='lat' dir='ltr'><strong><em>ob</em></strong></span> <span class='ocrx_word' id='word_1_249' title='bbox 551 2931 646 2987; x_wconf 87' lang='lat' dir='ltr'><strong><em>oeulos</em></strong></span> <span class='ocrx_word' id='word_1_250' title='bbox 664 2931 752 2986; x_wconf 90' lang='lat' dir='ltr'><strong><em>fuisse</em></strong></span> <span class='ocrx_word' id='word_1_251' title='bbox 770 2931 890 2986; x_wconf 86' lang='lat' dir='ltr'><strong><em>maxime</em></strong></span> <span class='ocrx_word' id='word_1_252' title='bbox 908 2930 955 2986; x_wconf 92' lang='lat' dir='ltr'><strong><em>hic</em></strong></span> <span class='ocrx_word' id='word_1_253' title='bbox 982 2929 1109 2985; x_wconf 86' lang='lat' dir='ltr'><strong><em>ostendit</em></strong></span> 
     </span>
     <span class='ocr_line' id='line_1_31' title="bbox 88 3002 1108 3074; baseline -0.002 -16"><span class='ocrx_word' id='word_1_254' title='bbox 88 3005 170 3059; x_wconf 87' lang='lat' dir='ltr'><strong><em>locus</em></strong></span> <span class='ocrx_word' id='word_1_255' title='bbox 189 3007 243 3074; x_wconf 78' lang='lat'>(20,</span> <span class='ocrx_word' id='word_1_256' title='bbox 258 3007 285 3074; x_wconf 77' lang='lat'><strong><em>2)</em></strong></span> <span class='ocrx_word' id='word_1_257' title='bbox 302 3004 443 3060; x_wconf 77' lang='lat' dir='ltr'><strong><em>Traianae</em></strong></span> <span class='ocrx_word' id='word_1_258' title='bbox 460 3005 508 3074; x_wconf 79' lang='lat' dir='ltr'><strong><em>qai</em></strong></span> <span class='ocrx_word' id='word_1_259' title='bbox 522 3011 586 3074; x_wconf 85' lang='lat' dir='ltr'><strong><em>post</em></strong></span> <span class='ocrx_word' id='word_1_260' title='bbox 599 3004 756 3074; x_wconf 79' lang='lat' dir='ltr'><strong><em>Axpmstxm</em></strong></span> <span class='ocrx_word' id='word_1_261' title='bbox 769 3002 913 3058; x_wconf 80' lang='lat' dir='ltr'><strong><em>Romanae</em></strong></span> <span class='ocrx_word' id='word_1_262' title='bbox 925 3003 967 3059; x_wconf 79' lang='lat' dir='ltr'><strong><em>rei</em></strong></span> <span class='ocrx_word' id='word_1_263' title='bbox 978 3002 1108 3072; x_wconf 72' lang='lat' dir='ltr'><strong><em>publicae</em></strong></span> 
     </span>
     <span class='ocr_line' id='line_1_32' title="bbox 90 3073 962 3146; baseline -0.006 -14"><span class='ocrx_word' id='word_1_264' title='bbox 90 3076 176 3132; x_wconf 78' lang='lat' dir='ltr'><strong><em>mavit</em></strong></span> <span class='ocrx_word' id='word_1_265' title='bbox 194 3077 308 3130; x_wconf 82' lang='lat' dir='ltr'><strong><em>lacertas</em></strong></span> <span class='ocrx_word' id='word_1_266' title='bbox 324 3091 358 3129; x_wconf 88' lang='lat' dir='ltr'><strong><em>ex</em></strong></span> <span class='ocrx_word' id='word_1_267' title='bbox 376 3074 453 3128; x_wconf 91' lang='lat' dir='ltr'><strong><em>illins</em></strong></span> <span class='ocrx_word' id='word_1_268' title='bbox 471 3073 614 3146; x_wconf 88' lang='lat' dir='ltr'><strong><em>prooemio</em></strong></span> <span class='ocrx_word' id='word_1_269' title='bbox 633 3077 670 3144; x_wconf 81' lang='lat' dir='ltr'><strong><em>(p.</em></strong></span> <span class='ocrx_word' id='word_1_270' title='bbox 687 3077 772 3145; x_wconf 85' lang='lat'><strong>6,13)</strong></span> <span class='ocrx_word' id='word_1_271' title='bbox 790 3074 962 3143; x_wconf 86' lang='lat' dir='ltr'><strong><em>desumptus.</em></strong></span> 
     </span>
    </p>

    <p class='ocr_par' dir='ltr' id='par_1_6' title="bbox 91 3142 1107 3500">
     <span class='ocr_line' id='line_1_33' title="bbox 164 3142 1106 3216; baseline -0.003 -16"><span class='ocrx_word' id='word_1_272' title='bbox 164 3149 192 3216; x_wconf 76' lang='lat'><strong><em>2)</em></strong></span> <span class='ocrx_word' id='word_1_273' title='bbox 215 3147 248 3200; x_wconf 89' lang='lat' dir='ltr'><strong><em>A.</em></strong></span> <span class='ocrx_word' id='word_1_274' title='bbox 272 3145 461 3200; x_wconf 88' lang='lat' dir='ltr'><strong><em>Kirchhoifius</em></strong></span> <span class='ocrx_word' id='word_1_275' title='bbox 488 3146 519 3200; x_wconf 90' lang='lat' dir='ltr'><strong><em>in</em></strong></span> <span class='ocrx_word' id='word_1_276' title='bbox 545 3144 653 3200; x_wconf 88' lang='lat' dir='ltr'><strong><em>nuntiis</em></strong></span> <span class='ocrx_word' id='word_1_277' title='bbox 681 3144 844 3200; x_wconf 87' lang='lat' dir='ltr'><strong><em>academiae</em></strong></span> <span class='ocrx_word' id='word_1_278' title='bbox 866 3142 1056 3199; x_wconf 90' lang='lat' dir='ltr'><strong><em>Berolinensis</em></strong></span> <span class='ocrx_word' id='word_1_279' title='bbox 1080 3160 1106 3197; x_wconf 89' lang='lat' dir='ltr'><strong><em>a.</em></strong></span> 
     </span>
     <span class='ocr_line' id='line_1_34' title="bbox 92 3214 1107 3287; baseline -0.007 -13"><span class='ocrx_word' id='word_1_280' title='bbox 92 3224 162 3274; x_wconf 88' lang='lat'>1881</span> <span class='ocrx_word' id='word_1_281' title='bbox 191 3236 218 3287; x_wconf 92' lang='lat' dir='ltr'><strong><em>p.</em></strong></span> <span class='ocrx_word' id='word_1_282' title='bbox 239 3222 290 3271; x_wconf 83' lang='lat'><strong><em>989</em></strong></span> <span class='ocrx_word' id='word_1_283' title='bbox 319 3220 348 3272; x_wconf 91' lang='lat' dir='ltr'><strong><em>et</em></strong></span> <span class='ocrx_word' id='word_1_284' title='bbox 369 3217 404 3272; x_wconf 91' lang='grc' dir='ltr'><strong><em>Η.</em></strong></span> <span class='ocrx_word' id='word_1_285' title='bbox 428 3217 568 3271; x_wconf 88' lang='lat' dir='ltr'><strong><em>Usenerus</em></strong></span> <span class='ocrx_word' id='word_1_286' title='bbox 595 3215 626 3269; x_wconf 91' lang='lat' dir='ltr'><strong><em>in</em></strong></span> <span class='ocrx_word' id='word_1_287' title='bbox 648 3216 756 3271; x_wconf 89' lang='lat' dir='ltr'><strong><em>nuntiis</em></strong></span> <span class='ocrx_word' id='word_1_288' title='bbox 780 3215 924 3270; x_wconf 88' lang='lat' dir='ltr'><strong><em>societatis</em></strong></span> <span class='ocrx_word' id='word_1_289' title='bbox 947 3214 1107 3269; x_wconf 85' lang='lat' dir='ltr'><strong><em>litterarum</em></strong></span> 
     </span>
     <span class='ocr_line' id='line_1_35' title="bbox 91 3285 1106 3359; baseline -0.005 -13"><span class='ocrx_word' id='word_1_290' title='bbox 91 3289 133 3346; x_wconf 64' lang='grc' dir='ltr'><strong><em>(ἑο</em></strong></span> <span class='ocrx_word' id='word_1_291' title='bbox 164 3288 170 3300; x_wconf 92' lang='grc'><strong>’</strong></span> <span class='ocrx_word' id='word_1_292' title='bbox 212 3287 288 3343; x_wconf 90' lang='lat' dir='ltr'><strong><em>ensis</em></strong></span> <span class='ocrx_word' id='word_1_293' title='bbox 307 3287 375 3342; x_wconf 87' lang='lat' dir='ltr'><strong><em>anni</em></strong></span> <span class='ocrx_word' id='word_1_294' title='bbox 396 3293 463 3342; x_wconf 81' lang='lat'>1892</span> <span class='ocrx_word' id='word_1_295' title='bbox 481 3306 508 3359; x_wconf 90' lang='lat' dir='ltr'><strong><em>p.</em></strong></span> <span class='ocrx_word' id='word_1_296' title='bbox 529 3292 572 3356; x_wconf 82' lang='lat'><strong><em>50,</em></strong></span> <span class='ocrx_word' id='word_1_297' title='bbox 591 3287 626 3342; x_wconf 85' lang='lat' dir='ltr'><strong><em>cf.</em></strong></span> <span class='ocrx_word' id='word_1_298' title='bbox 646 3286 733 3342; x_wconf 86' lang='lat' dir='ltr'><strong><em>etiam</em></strong></span> <span class='ocrx_word' id='word_1_299' title='bbox 746 3287 776 3344; x_wconf 80' lang='lat' dir='ltr'><strong><em>F.</em></strong></span> <span class='ocrx_word' id='word_1_300' title='bbox 790 3286 917 3342; x_wconf 88' lang='lat' dir='ltr'><strong><em>Blassius</em></strong></span> <span class='ocrx_word' id='word_1_301' title='bbox 934 3285 966 3338; x_wconf 92' lang='lat' dir='ltr'><strong><em>in</em></strong></span> <span class='ocrx_word' id='word_1_302' title='bbox 979 3285 1106 3341; x_wconf 86' lang='lat' dir='ltr'><strong><em>oratione</em></strong></span> 
     </span>
     <span class='ocr_line' id='line_1_36' title="bbox 92 3356 1107 3429; baseline -0.006 -13"><span class='ocrx_word' id='word_1_303' title='bbox 92 3360 159 3416; x_wconf 81' lang='lat' dir='ltr'><strong><em>‘Die</em></strong></span> <span class='ocrx_word' id='word_1_304' title='bbox 206 3359 408 3429; x_wconf 80' lang='lat' dir='ltr'><strong><em>ntdeclrungen</em></strong></span> <span class='ocrx_word' id='word_1_305' title='bbox 435 3359 487 3414; x_wconf 85' lang='lat' dir='ltr'><strong><em>auf</em></strong></span> <span class='ocrx_word' id='word_1_306' title='bbox 511 3359 537 3413; x_wconf 90' lang='lat' dir='ltr'><strong><em>d.</em></strong></span> <span class='ocrx_word' id='word_1_307' title='bbox 564 3357 682 3413; x_wconf 84' lang='lat' dir='ltr'><strong><em>Gebiete</em></strong></span> <span class='ocrx_word' id='word_1_308' title='bbox 706 3359 755 3413; x_wconf 88' lang='lat' dir='ltr'><strong><em>der</em></strong></span> <span class='ocrx_word' id='word_1_309' title='bbox 777 3357 863 3412; x_wconf 80' lang='lat' dir='ltr'><strong><em>klass.</em></strong></span> <span class='ocrx_word' id='word_1_310' title='bbox 885 3356 1044 3427; x_wconf 83' lang='lat' dir='ltr'><strong><em>Philologie</em></strong></span> <span class='ocrx_word' id='word_1_311' title='bbox 1067 3357 1107 3410; x_wconf 93' lang='lat' dir='ltr'><strong><em>im</em></strong></span> 
     </span>
     <span class='ocr_line' id='line_1_37' title="bbox 91 3430 607 3500; baseline -0.008 -12"><span class='ocrx_word' id='word_1_312' title='bbox 91 3432 178 3488; x_wconf 77' lang='lat' dir='ltr'><strong><em>Jahre</em></strong></span> <span class='ocrx_word' id='word_1_313' title='bbox 199 3433 279 3485; x_wconf 84' lang='lat'>1891’</span> <span class='ocrx_word' id='word_1_314' title='bbox 302 3430 405 3500; x_wconf 82' lang='lat' dir='ltr'><strong><em>(Kiliae</em></strong></span> <span class='ocrx_word' id='word_1_315' title='bbox 424 3432 504 3499; x_wconf 78' lang='lat'>1892)</span> <span class='ocrx_word' id='word_1_316' title='bbox 521 3448 549 3499; x_wconf 91' lang='lat' dir='ltr'><strong><em>p.</em></strong></span> <span class='ocrx_word' id='word_1_317' title='bbox 565 3434 607 3484; x_wconf 83' lang='grc'><strong><em>18,</em></strong></span> 
     </span>
    </p>

    <p class='ocr_par' dir='ltr' id='par_1_7' title="bbox 92 3498 1117 3642">
     <span class='ocr_line' id='line_1_38' title="bbox 166 3498 1107 3572; baseline -0.004 -16"><span class='ocrx_word' id='word_1_318' title='bbox 166 3505 192 3572; x_wconf 85' lang='grc'><strong><em>3)</em></strong></span> <span class='ocrx_word' id='word_1_319' title='bbox 211 3519 348 3571; x_wconf 88' lang='lat' dir='ltr'><strong><em>perquam</em></strong></span> <span class='ocrx_word' id='word_1_320' title='bbox 370 3501 517 3572; x_wconf 87' lang='lat' dir='ltr'><strong><em>probabile</em></strong></span> <span class='ocrx_word' id='word_1_321' title='bbox 540 3499 653 3554; x_wconf 84' lang='lat' dir='ltr'><strong><em>videtur</em></strong></span> <span class='ocrx_word' id='word_1_322' title='bbox 675 3498 816 3555; x_wconf 88' lang='lat' dir='ltr'><strong><em>volumine</em></strong></span> <span class='ocrx_word' id='word_1_323' title='bbox 840 3499 915 3568; x_wconf 90' lang='lat' dir='ltr'><strong><em>quod</em></strong></span> <span class='ocrx_word' id='word_1_324' title='bbox 937 3499 1051 3555; x_wconf 88' lang='lat' dir='ltr'><strong><em>Iordani</em></strong></span> <span class='ocrx_word' id='word_1_325' title='bbox 1076 3499 1107 3552; x_wconf 94' lang='lat' dir='ltr'><strong><em>in</em></strong></span> 
     </span>
     <span class='ocr_line' id='line_1_39' title="bbox 92 3569 1117 3642; baseline -0.008 -14"><span class='ocrx_word' id='word_1_326' title='bbox 92 3573 225 3629; x_wconf 85' lang='lat' dir='ltr'><strong><em>manibus</em></strong></span> <span class='ocrx_word' id='word_1_327' title='bbox 245 3574 307 3628; x_wconf 83' lang='lat' dir='ltr'><strong><em>erat</em></strong></span> <span class='ocrx_word' id='word_1_328' title='bbox 320 3589 410 3642; x_wconf 87' lang='lat' dir='ltr'><strong><em>aeque</em></strong></span> <span class='ocrx_word' id='word_1_329' title='bbox 422 3573 536 3627; x_wconf 88' lang='lat' dir='ltr'><strong><em>Rufium</em></strong></span> <span class='ocrx_word' id='word_1_330' title='bbox 548 3571 664 3626; x_wconf 87' lang='lat' dir='ltr'><strong><em>Festum</em></strong></span> <span class='ocrx_word' id='word_1_331' title='bbox 678 3569 907 3641; x_wconf 88' lang='lat' dir='ltr'><strong><em>comprehensum</em></strong></span> <span class='ocrx_word' id='word_1_332' title='bbox 920 3570 1011 3626; x_wconf 80' lang='lat' dir='ltr'><strong><em>fuisse</em></strong></span> <span class='ocrx_word' id='word_1_333' title='bbox 1022 3573 1117 3636; x_wconf 62' lang='lat' dir='ltr'><strong><em>stopa</em></strong></span> 
     </span>
    </p>
   </div>
   <div class='ocr_carea' id='block_1_5' title="bbox 0 0 1202 3922">
    <p class='ocr_par' dir='ltr' id='par_1_8' title="bbox 0 0 1202 3922">
     <span class='ocr_line' id='line_1_40' title="bbox 0 0 1202 3922; baseline 0 0"><span class='ocrx_word' id='word_1_334' title='bbox 0 0 1202 3922; x_wconf 95' lang='lat' dir='ltr'><strong><em> </em></strong></span> 
     </span>
    </p>
   </div>
  </div>
 </body>
</html>
