<?xml version="1.0" encoding="UTF-8"?>
<!DOCTYPE html PUBLIC "-//W3C//DTD XHTML 1.0 Transitional//EN"
    "http://www.w3.org/TR/xhtml1/DTD/xhtml1-transitional.dtd">
<html xmlns="http://www.w3.org/1999/xhtml" xml:lang="en" lang="en">
 <head>
  <title>
</title>
<meta http-equiv="Content-Type" content="text/html;charset=utf-8" />
  <meta name='ocr-system' content='tesseract 3.04.00' />
  <meta name='ocr-capabilities' content='ocr_page ocr_carea ocr_par ocr_line ocrx_word'/>
</head>
<body>
  <div class='ocr_page' id='page_1' title='image "./lannaeifloriepi01florgoog_0094.png"; bbox 0 0 2386 3922; ppageno 0'>
   <div class='ocr_carea' id='block_1_1' title="bbox 461 118 1081 190">
    <p class='ocr_par' dir='ltr' id='par_1_1' title="bbox 461 118 1081 190">
     <span class='ocr_line' id='line_1_1' title="bbox 461 118 1081 190; baseline -0.003 -17"><span class='ocrx_word' id='word_1_1' title='bbox 461 118 488 187; x_wconf 90' lang='lat'><strong>1,</strong></span> <span class='ocrx_word' id='word_1_2' title='bbox 508 120 679 190; x_wconf 76' lang='lat' dir='ltr'><strong>suo-11).</strong></span> <span class='ocrx_word' id='word_1_3' title='bbox 1039 119 1081 184; x_wconf 83' lang='lat'><strong>19</strong></span> 
     </span>
    </p>
   </div>
   <div class='ocr_carea' id='block_1_2' title="bbox 68 283 1119 1961">
    <p class='ocr_par' dir='ltr' id='par_1_2' title="bbox 68 283 1119 1163">
     <span class='ocr_line' id='line_1_2' title="bbox 73 283 1083 366; baseline 0.002 -21"><span class='ocrx_word' id='word_1_4' title='bbox 73 291 150 345; x_wconf 86' lang='lat' dir='ltr'><strong>catur</strong></span> <span class='ocrx_word' id='word_1_5' title='bbox 186 284 240 345; x_wconf 93' lang='lat' dir='ltr'><strong>diu</strong></span> <span class='ocrx_word' id='word_1_6' title='bbox 271 283 365 346; x_wconf 87' lang='lat' dir='ltr'><strong>llarte</strong></span> <span class='ocrx_word' id='word_1_7' title='bbox 397 286 493 366; x_wconf 84' lang='lat' dir='ltr'><strong>vario,</strong></span> <span class='ocrx_word' id='word_1_8' title='bbox 530 286 624 346; x_wconf 90' lang='lat' dir='ltr'><strong>donec</strong></span> <span class='ocrx_word' id='word_1_9' title='bbox 655 284 827 347; x_wconf 80' lang='lat' dir='ltr'><strong>Postumius</strong></span> <span class='ocrx_word' id='word_1_10' title='bbox 859 288 924 366; x_wconf 91' lang='lat' dir='ltr'><strong>ipse</strong></span> <span class='ocrx_word' id='word_1_11' title='bbox 957 285 1083 347; x_wconf 89' lang='lat' dir='ltr'><strong>dictator</strong></span> 
     </span>
     <span class='ocr_line' id='line_1_3' title="bbox 73 373 1082 453; baseline 0.002 -20"><span class='ocrx_word' id='word_1_12' title='bbox 73 375 186 451; x_wconf 76' lang='lat' dir='ltr'><strong>signum</strong></span> <span class='ocrx_word' id='word_1_13' title='bbox 207 375 241 433; x_wconf 92' lang='lat' dir='ltr'><strong>in</strong></span> <span class='ocrx_word' id='word_1_14' title='bbox 262 373 358 434; x_wconf 89' lang='lat' dir='ltr'><strong>hostis</strong></span> <span class='ocrx_word' id='word_1_15' title='bbox 381 373 526 435; x_wconf 91' lang='lat' dir='ltr'><strong>iaculatus</strong></span> <span class='ocrx_word' id='word_1_16' title='bbox 550 381 596 434; x_wconf 88' lang='lat' dir='ltr'><strong>est</strong></span> <span class='ocrx_word' id='word_1_17' title='bbox 615 408 657 417; x_wconf 97' lang='lat'><strong>—</strong></span> <span class='ocrx_word' id='word_1_18' title='bbox 677 393 785 435; x_wconf 88' lang='lat' dir='ltr'><strong>novum</strong></span> <span class='ocrx_word' id='word_1_19' title='bbox 810 381 840 434; x_wconf 88' lang='lat' dir='ltr'><strong>et</strong></span> <span class='ocrx_word' id='word_1_20' title='bbox 862 377 979 453; x_wconf 82' lang='lat' dir='ltr'>insigne</span> <span class='ocrx_word' id='word_1_21' title='bbox 1004 393 1082 436; x_wconf 92' lang='lat' dir='ltr'><strong>com-</strong></span> 
     </span>
     <span class='ocr_line' id='line_1_4' title="bbox 72 462 1118 543; baseline 0.002 -21"><span class='ocrx_word' id='word_1_22' title='bbox 72 469 201 523; x_wconf 90' lang='lat' dir='ltr'><strong>mentum</strong></span> <span class='ocrx_word' id='word_1_23' title='bbox 228 494 271 505; x_wconf 90' lang='lat'>-</span> <span class='ocrx_word' id='word_1_24' title='bbox 299 464 345 523; x_wconf 91' lang='lat' dir='ltr'><strong>uti</strong></span> <span class='ocrx_word' id='word_1_25' title='bbox 380 468 577 541; x_wconf 81' lang='lat' dir='ltr'><strong>repeteretur.</strong></span> <span class='ocrx_word' id='word_1_26' title='bbox 624 462 735 524; x_wconf 83' lang='lat' dir='ltr'>Cossus</span> <span class='ocrx_word' id='word_1_27' title='bbox 772 465 908 541; x_wconf 83' lang='lat' dir='ltr'><strong>equitum</strong></span> <span class='ocrx_word' id='word_1_28' title='bbox 942 466 1118 543; x_wconf 79' lang='lat' dir='ltr'><strong>magistere</strong></span> 
     </span>
     <span class='ocr_line' id='line_1_5' title="bbox 74 550 1083 631; baseline 0.001 -20"><span class='ocrx_word' id='word_1_29' title='bbox 74 568 176 612; x_wconf 84' lang='lat' dir='ltr'><strong>enuere</strong></span> <span class='ocrx_word' id='word_1_30' title='bbox 199 550 303 611; x_wconf 81' lang='lat' dir='ltr'><strong>frenos</strong></span> <span class='ocrx_word' id='word_1_31' title='bbox 325 552 483 630; x_wconf 84' lang='lat' dir='ltr'><strong>imperarit</strong></span> <span class='ocrx_word' id='word_1_32' title='bbox 505 584 548 595; x_wconf 90' lang='lat'>-</span> <span class='ocrx_word' id='word_1_33' title='bbox 572 559 602 612; x_wconf 90' lang='lat' dir='ltr'><strong>et</strong></span> <span class='ocrx_word' id='word_1_34' title='bbox 624 552 681 612; x_wconf 87' lang='lat' dir='ltr'><strong>hoo</strong></span> <span class='ocrx_word' id='word_1_35' title='bbox 704 570 814 612; x_wconf 87' lang='lat' dir='ltr'><strong>novum</strong></span> <span class='ocrx_word' id='word_1_36' title='bbox 837 586 879 594; x_wconf 90' lang='lat'><strong>—</strong></span> <span class='ocrx_word' id='word_1_37' title='bbox 904 570 962 631; x_wconf 90' lang='lat' dir='ltr'><strong>quo</strong></span> <span class='ocrx_word' id='word_1_38' title='bbox 985 555 1083 612; x_wconf 92' lang='lat' dir='ltr'><strong>acrius</strong></span> 
     </span>
     <span class='ocr_line' id='line_1_6' title="bbox 74 640 1119 720; baseline -0.001 -20"><span class='ocrx_word' id='word_1_39' title='bbox 74 642 265 701; x_wconf 68' lang='lat' dir='ltr'><strong>incurrerent</strong></span> <span class='ocrx_word' id='word_1_40' title='bbox 311 657 347 701; x_wconf 92' lang='lat' dir='ltr'><strong>ea</strong></span> <span class='ocrx_word' id='word_1_41' title='bbox 374 640 503 719; x_wconf 90' lang='lat' dir='ltr'><strong>denique</strong></span> <span class='ocrx_word' id='word_1_42' title='bbox 531 642 670 700; x_wconf 78' lang='lat' dir='ltr'><strong>atrocitas</strong></span> <span class='ocrx_word' id='word_1_43' title='bbox 698 640 806 719; x_wconf 91' lang='lat' dir='ltr'><strong>proelii</strong></span> <span class='ocrx_word' id='word_1_44' title='bbox 834 641 904 720; x_wconf 83' lang='lat' dir='ltr'><strong>luit,</strong></span> <span class='ocrx_word' id='word_1_45' title='bbox 932 648 965 700; x_wconf 90' lang='lat' dir='ltr'><strong>ut</strong></span> <span class='ocrx_word' id='word_1_46' title='bbox 992 643 1119 701; x_wconf 87' lang='lat' dir='ltr'><strong>inter-4</strong></span> 
     </span>
     <span class='ocr_line' id='line_1_7' title="bbox 75 727 1083 808; baseline -0.001 -19"><span class='ocrx_word' id='word_1_47' title='bbox 75 729 159 789; x_wconf 84' lang='lat' dir='ltr'><strong>luisse</strong></span> <span class='ocrx_word' id='word_1_48' title='bbox 189 727 359 808; x_wconf 89' lang='lat' dir='ltr'><strong>spectaculo</strong></span> <span class='ocrx_word' id='word_1_49' title='bbox 387 728 459 788; x_wconf 92' lang='lat' dir='ltr'><strong>deos</strong></span> <span class='ocrx_word' id='word_1_50' title='bbox 488 727 564 788; x_wconf 82' lang='lat' dir='ltr'><strong>sama</strong></span> <span class='ocrx_word' id='word_1_51' title='bbox 591 728 756 788; x_wconf 88' lang='lat' dir='ltr'><strong>tradiderit.</strong></span> <span class='ocrx_word' id='word_1_52' title='bbox 803 728 861 789; x_wconf 92' lang='lat' dir='ltr'><strong>duo</strong></span> <span class='ocrx_word' id='word_1_53' title='bbox 890 731 921 789; x_wconf 90' lang='lat' dir='ltr'><strong>in</strong></span> <span class='ocrx_word' id='word_1_54' title='bbox 949 728 1083 789; x_wconf 82' lang='lat' dir='ltr'><strong>candidis</strong></span> 
     </span>
     <span class='ocr_line' id='line_1_8' title="bbox 75 816 1083 897; baseline 0 -20"><span class='ocrx_word' id='word_1_55' title='bbox 75 819 152 896; x_wconf 87' lang='lat' dir='ltr'><strong>equis</strong></span> <span class='ocrx_word' id='word_1_56' title='bbox 180 819 305 878; x_wconf 84' lang='lat' dir='ltr'><strong>iuvenes</strong></span> <span class='ocrx_word' id='word_1_57' title='bbox 331 834 415 877; x_wconf 90' lang='lat' dir='ltr'><strong>more</strong></span> <span class='ocrx_word' id='word_1_58' title='bbox 443 816 577 878; x_wconf 91' lang='lat' dir='ltr'><strong>siderum</strong></span> <span class='ocrx_word' id='word_1_59' title='bbox 599 816 903 897; x_wconf 81' lang='lat' dir='ltr'><strong>praetervolaverunt3</strong></span> <span class='ocrx_word' id='word_1_60' title='bbox 932 817 1083 878; x_wconf 83' lang='lat' dir='ltr'><strong>Castorem</strong></span> 
     </span>
     <span class='ocr_line' id='line_1_9' title="bbox 76 905 1083 984; baseline -0.001 -18"><span class='ocrx_word' id='word_1_61' title='bbox 76 912 154 984; x_wconf 85' lang='lat' dir='ltr'><strong>atque</strong></span> <span class='ocrx_word' id='word_1_62' title='bbox 174 905 326 967; x_wconf 88' lang='lat' dir='ltr'><strong>Pollucem</strong></span> <span class='ocrx_word' id='word_1_63' title='bbox 350 922 439 966; x_wconf 90' lang='lat' dir='ltr'><strong>nemo</strong></span> <span class='ocrx_word' id='word_1_64' title='bbox 462 905 615 967; x_wconf 86' lang='lat' dir='ltr'><strong>dubitarit.</strong></span> <span class='ocrx_word' id='word_1_65' title='bbox 657 908 757 984; x_wconf 86' lang='lat' dir='ltr'><strong>itaque</strong></span> <span class='ocrx_word' id='word_1_66' title='bbox 781 912 811 965; x_wconf 89' lang='lat' dir='ltr'><strong>et</strong></span> <span class='ocrx_word' id='word_1_67' title='bbox 833 908 995 984; x_wconf 88' lang='lat' dir='ltr'><strong>imperator</strong></span> <span class='ocrx_word' id='word_1_68' title='bbox 1018 908 1083 984; x_wconf 91' lang='lat' dir='ltr'><strong>ipse</strong></span> 
     </span>
     <span class='ocr_line' id='line_1_10' title="bbox 76 994 1083 1074; baseline 0.001 -21"><span class='ocrx_word' id='word_1_69' title='bbox 76 1002 226 1055; x_wconf 83' lang='lat' dir='ltr'><strong>ueneratus</strong></span> <span class='ocrx_word' id='word_1_70' title='bbox 250 1001 296 1054; x_wconf 87' lang='lat' dir='ltr'><strong>est</strong></span> <span class='ocrx_word' id='word_1_71' title='bbox 318 1001 483 1073; x_wconf 86' lang='lat' dir='ltr'><strong>pactusque</strong></span> <span class='ocrx_word' id='word_1_72' title='bbox 506 996 660 1055; x_wconf 88' lang='lat' dir='ltr'><strong>victoriam</strong></span> <span class='ocrx_word' id='word_1_73' title='bbox 683 994 793 1074; x_wconf 90' lang='lat' dir='ltr'><strong>templa</strong></span> <span class='ocrx_word' id='word_1_74' title='bbox 811 996 950 1073; x_wconf 91' lang='lat' dir='ltr'><strong>promisit</strong></span> <span class='ocrx_word' id='word_1_75' title='bbox 969 1003 999 1054; x_wconf 90' lang='lat' dir='ltr'><strong>et</strong></span> <span class='ocrx_word' id='word_1_76' title='bbox 1016 994 1083 1054; x_wconf 87' lang='lat' dir='ltr'><strong>red-</strong></span> 
     </span>
     <span class='ocr_line' id='line_1_11' title="bbox 68 1082 943 1163; baseline 0.002 -22"><span class='ocrx_word' id='word_1_77' title='bbox 68 1082 151 1163; x_wconf 78' lang='lat' dir='ltr'><strong>didit,</strong></span> <span class='ocrx_word' id='word_1_78' title='bbox 172 1082 261 1162; x_wconf 88' lang='lat' dir='ltr'><strong>plane</strong></span> <span class='ocrx_word' id='word_1_79' title='bbox 286 1085 372 1162; x_wconf 89' lang='lat' dir='ltr'>quasi</span> <span class='ocrx_word' id='word_1_80' title='bbox 394 1082 578 1162; x_wconf 87' lang='lat' dir='ltr'>stipendium</span> <span class='ocrx_word' id='word_1_81' title='bbox 600 1082 853 1144; x_wconf 86' lang='lat' dir='ltr'>commilitonibus</span> <span class='ocrx_word' id='word_1_82' title='bbox 876 1082 943 1143; x_wconf 86' lang='lat' dir='ltr'><strong>diis.</strong></span> 
     </span>
    </p>

    <p class='ocr_par' dir='ltr' id='par_1_3' title="bbox 68 1170 1119 1961">
     <span class='ocr_line' id='line_1_12' title="bbox 132 1170 1119 1252; baseline -0.001 -21"><span class='ocrx_word' id='word_1_83' title='bbox 132 1170 285 1233; x_wconf 76' lang='lat' dir='ltr'><strong>Hactenus</strong></span> <span class='ocrx_word' id='word_1_84' title='bbox 316 1189 371 1251; x_wconf 91' lang='lat' dir='ltr'><strong>pro</strong></span> <span class='ocrx_word' id='word_1_85' title='bbox 403 1170 555 1252; x_wconf 86' lang='lat' dir='ltr'><strong>libertate,</strong></span> <span class='ocrx_word' id='word_1_86' title='bbox 587 1189 656 1231; x_wconf 80' lang='lat' dir='ltr'><strong>mox</strong></span> <span class='ocrx_word' id='word_1_87' title='bbox 688 1171 724 1231; x_wconf 91' lang='lat' dir='ltr'><strong>de</strong></span> <span class='ocrx_word' id='word_1_88' title='bbox 755 1171 864 1232; x_wconf 83' lang='lat' dir='ltr'><strong>sinibus</strong></span> <span class='ocrx_word' id='word_1_89' title='bbox 892 1189 960 1231; x_wconf 83' lang='lat' dir='ltr'><strong>rum</strong></span> <span class='ocrx_word' id='word_1_90' title='bbox 988 1171 1119 1231; x_wconf 79' lang='lat' dir='ltr'><strong>isdemo</strong></span> 
     </span>
     <span class='ocr_line' id='line_1_13' title="bbox 81 1257 1119 1338; baseline 0 -18"><span class='ocrx_word' id='word_1_91' title='bbox 81 1257 181 1321; x_wconf 84' lang='lat' dir='ltr'><strong>latinis</strong></span> <span class='ocrx_word' id='word_1_92' title='bbox 204 1259 328 1321; x_wconf 88' lang='lat' dir='ltr'><strong>adsidue</strong></span> <span class='ocrx_word' id='word_1_93' title='bbox 352 1266 382 1319; x_wconf 89' lang='lat' dir='ltr'><strong>et</strong></span> <span class='ocrx_word' id='word_1_94' title='bbox 405 1261 469 1320; x_wconf 91' lang='lat' dir='ltr'><strong>sine</strong></span> <span class='ocrx_word' id='word_1_95' title='bbox 493 1261 715 1320; x_wconf 89' lang='lat' dir='ltr'><strong>intermissione</strong></span> <span class='ocrx_word' id='word_1_96' title='bbox 735 1268 898 1338; x_wconf 80' lang='lat' dir='ltr'><strong>pugnatum</strong></span> <span class='ocrx_word' id='word_1_97' title='bbox 917 1266 971 1319; x_wconf 90' lang='lat' dir='ltr'><strong>est.</strong></span> <span class='ocrx_word' id='word_1_98' title='bbox 1009 1259 1083 1320; x_wconf 91' lang='lat' dir='ltr'><strong>Cora</strong></span> <span class='ocrx_word' id='word_1_99' title='bbox 1103 1271 1119 1319; x_wconf 81' lang='grc'><strong>6</strong></span> 
     </span>
     <span class='ocr_line' id='line_1_14' title="bbox 84 1344 1084 1429; baseline -0.001 -20"><span class='ocrx_word' id='word_1_100' title='bbox 84 1380 116 1390; x_wconf 91' lang='lat'><strong>·—</strong></span> <span class='ocrx_word' id='word_1_101' title='bbox 136 1351 202 1428; x_wconf 89' lang='lat' dir='ltr'><strong>quis</strong></span> <span class='ocrx_word' id='word_1_102' title='bbox 231 1344 356 1409; x_wconf 84' lang='lat' dir='ltr'><strong>credat?</strong></span> <span class='ocrx_word' id='word_1_103' title='bbox 378 1382 420 1391; x_wconf 97' lang='lat'><strong>—</strong></span> <span class='ocrx_word' id='word_1_104' title='bbox 445 1355 475 1408; x_wconf 90' lang='lat' dir='ltr'><strong>et</strong></span> <span class='ocrx_word' id='word_1_105' title='bbox 504 1348 617 1408; x_wconf 78' lang='lat' dir='ltr'>Alsium</span> <span class='ocrx_word' id='word_1_106' title='bbox 640 1351 749 1408; x_wconf 89' lang='lat' dir='ltr'><strong>terrori</strong></span> <span class='ocrx_word' id='word_1_107' title='bbox 774 1348 907 1429; x_wconf 82' lang='lat' dir='ltr'><strong>fuerunt,</strong></span> <span class='ocrx_word' id='word_1_108' title='bbox 936 1348 1084 1408; x_wconf 88' lang='lat' dir='ltr'><strong>Satricum</strong></span> 
     </span>
     <span class='ocr_line' id='line_1_15' title="bbox 85 1436 1081 1516; baseline 0.002 -22"><span class='ocrx_word' id='word_1_109' title='bbox 85 1444 155 1515; x_wconf 89' lang='lat' dir='ltr'><strong>atque</strong></span> <span class='ocrx_word' id='word_1_110' title='bbox 184 1436 376 1498; x_wconf 86' lang='lat' dir='ltr'><strong>Corniculum</strong></span> <span class='ocrx_word' id='word_1_111' title='bbox 403 1439 582 1516; x_wconf 86' lang='lat' dir='ltr'><strong>prouinciae.</strong></span> <span class='ocrx_word' id='word_1_112' title='bbox 634 1437 670 1496; x_wconf 90' lang='lat' dir='ltr'><strong>de</strong></span> <span class='ocrx_word' id='word_1_113' title='bbox 694 1436 810 1497; x_wconf 88' lang='lat' dir='ltr'><strong>Verulis</strong></span> <span class='ocrx_word' id='word_1_114' title='bbox 839 1444 868 1497; x_wconf 88' lang='lat' dir='ltr'><strong>et</strong></span> <span class='ocrx_word' id='word_1_115' title='bbox 895 1436 1015 1496; x_wconf 88' lang='lat' dir='ltr'><strong>Bovillis</strong></span> <span class='ocrx_word' id='word_1_116' title='bbox 1039 1471 1081 1479; x_wconf 90' lang='lat'><em>-</em></span> 
     </span>
     <span class='ocr_line' id='line_1_16' title="bbox 68 1524 1117 1606; baseline 0.004 -24"><span class='ocrx_word' id='word_1_117' title='bbox 68 1526 160 1602; x_wconf 82' lang='lat' dir='ltr'><strong>ipudet</strong></span> <span class='ocrx_word' id='word_1_118' title='bbox 173 1560 216 1568; x_wconf 95' lang='lat'>—</span> <span class='ocrx_word' id='word_1_119' title='bbox 231 1525 284 1587; x_wconf 90' lang='lat' dir='ltr'><strong>sed</strong></span> <span class='ocrx_word' id='word_1_120' title='bbox 303 1526 559 1605; x_wconf 87' lang='lat' dir='ltr'><strong>triumphavimus.</strong></span> <span class='ocrx_word' id='word_1_121' title='bbox 596 1525 698 1606; x_wconf 80' lang='lat' dir='ltr'><strong>Tibur,</strong></span> <span class='ocrx_word' id='word_1_122' title='bbox 722 1544 801 1586; x_wconf 93' lang='lat' dir='ltr'><strong>nunc</strong></span> <span class='ocrx_word' id='word_1_123' title='bbox 820 1524 1033 1605; x_wconf 80' lang='lat' dir='ltr'><strong>suburbanum,</strong></span> <span class='ocrx_word' id='word_1_124' title='bbox 1052 1533 1083 1586; x_wconf 88' lang='lat' dir='ltr'><strong>et</strong></span> <span class='ocrx_word' id='word_1_125' title='bbox 1102 1536 1117 1586; x_wconf 78' lang='lat'><strong>7</strong></span> 
     </span>
     <span class='ocr_line' id='line_1_17' title="bbox 86 1613 1083 1692; baseline 0 -18"><span class='ocrx_word' id='word_1_126' title='bbox 86 1616 195 1675; x_wconf 83' lang='lat' dir='ltr'><strong>aestivae</strong></span> <span class='ocrx_word' id='word_1_127' title='bbox 222 1613 384 1674; x_wconf 88' lang='lat' dir='ltr'><strong>Praeneste</strong></span> <span class='ocrx_word' id='word_1_128' title='bbox 415 1613 539 1674; x_wconf 89' lang='lat' dir='ltr'><strong>deliciae</strong></span> <span class='ocrx_word' id='word_1_129' title='bbox 568 1617 747 1692; x_wconf 90' lang='lat' dir='ltr'><strong>nuncupatis</strong></span> <span class='ocrx_word' id='word_1_130' title='bbox 774 1617 806 1674; x_wconf 93' lang='lat' dir='ltr'><strong>in</strong></span> <span class='ocrx_word' id='word_1_131' title='bbox 834 1613 977 1692; x_wconf 92' lang='lat' dir='ltr'><strong>Capitolio</strong></span> <span class='ocrx_word' id='word_1_132' title='bbox 1006 1617 1083 1674; x_wconf 86' lang='lat' dir='ltr'><strong>votis</strong></span> 
     </span>
     <span class='ocr_line' id='line_1_18' title="bbox 85 1701 1118 1783; baseline 0 -20"><span class='ocrx_word' id='word_1_133' title='bbox 85 1703 253 1779; x_wconf 84' lang='lat' dir='ltr'><strong>petebantur.</strong></span> <span class='ocrx_word' id='word_1_134' title='bbox 306 1703 384 1763; x_wconf 91' lang='lat' dir='ltr'><strong>idem</strong></span> <span class='ocrx_word' id='word_1_135' title='bbox 420 1709 493 1763; x_wconf 89' lang='lat' dir='ltr'><strong>tunc</strong></span> <span class='ocrx_word' id='word_1_136' title='bbox 525 1701 666 1763; x_wconf 90' lang='lat' dir='ltr'><strong>Faesulae</strong></span> <span class='ocrx_word' id='word_1_137' title='bbox 705 1703 784 1782; x_wconf 89' lang='lat' dir='ltr'><strong>quod</strong></span> <span class='ocrx_word' id='word_1_138' title='bbox 817 1702 945 1763; x_wconf 83' lang='lat' dir='ltr'><strong>Carrhae</strong></span> <span class='ocrx_word' id='word_1_139' title='bbox 978 1713 1118 1783; x_wconf 84' lang='lat' dir='ltr'><strong>nuper,8</strong></span> 
     </span>
     <span class='ocr_line' id='line_1_19' title="bbox 86 1790 1083 1872; baseline 0.002 -23"><span class='ocrx_word' id='word_1_140' title='bbox 86 1790 148 1851; x_wconf 90' lang='lat' dir='ltr'><strong>ilem</strong></span> <span class='ocrx_word' id='word_1_141' title='bbox 174 1809 282 1852; x_wconf 91' lang='lat' dir='ltr'><strong>nemus</strong></span> <span class='ocrx_word' id='word_1_142' title='bbox 310 1792 462 1852; x_wconf 83' lang='lat' dir='ltr'><strong>Aricinum</strong></span> <span class='ocrx_word' id='word_1_143' title='bbox 490 1790 569 1869; x_wconf 91' lang='lat' dir='ltr'><strong>quod</strong></span> <span class='ocrx_word' id='word_1_144' title='bbox 599 1791 765 1870; x_wconf 80' lang='lat' dir='ltr'><strong>llercyuius</strong></span> <span class='ocrx_word' id='word_1_145' title='bbox 795 1791 900 1872; x_wconf 80' lang='lat' dir='ltr'><strong>saltus,</strong></span> <span class='ocrx_word' id='word_1_146' title='bbox 932 1790 1083 1869; x_wconf 85' lang='lat' dir='ltr'><strong>Fregellae</strong></span> 
     </span>
     <span class='ocr_line' id='line_1_20' title="bbox 87 1879 1119 1961; baseline -0.002 -20"><span class='ocrx_word' id='word_1_147' title='bbox 87 1880 148 1956; x_wconf 85' lang='lat' dir='ltr'><strong>quod</strong></span> <span class='ocrx_word' id='word_1_148' title='bbox 167 1880 369 1961; x_wconf 86' lang='lat' dir='ltr'><strong>Gesoriacum,</strong></span> <span class='ocrx_word' id='word_1_149' title='bbox 392 1879 510 1940; x_wconf 86' lang='lat' dir='ltr'><strong>Tiberis</strong></span> <span class='ocrx_word' id='word_1_150' title='bbox 537 1879 614 1958; x_wconf 88' lang='lat' dir='ltr'><strong>quod</strong></span> <span class='ocrx_word' id='word_1_151' title='bbox 638 1879 812 1958; x_wconf 83' lang='lat' dir='ltr'><strong>Euphrates.</strong></span> <span class='ocrx_word' id='word_1_152' title='bbox 855 1879 988 1941; x_wconf 90' lang='lat' dir='ltr'><strong>Coriolos</strong></span> <span class='ocrx_word' id='word_1_153' title='bbox 1013 1899 1084 1958; x_wconf 85' lang='lat' dir='ltr'><strong>quo·</strong></span> <span class='ocrx_word' id='word_1_154' title='bbox 1103 1892 1119 1939; x_wconf 85' lang='lat'>9</span> 
     </span>
    </p>
   </div>
   <div class='ocr_carea' id='block_1_3' title="bbox 68 2068 1177 3622">
    <p class='ocr_par' dir='ltr' id='par_1_4' title="bbox 79 2068 1084 2987">
     <span class='ocr_line' id='line_1_21' title="bbox 139 2068 1084 2140; baseline 0.002 -19"><span class='ocrx_word' id='word_1_155' title='bbox 139 2068 160 2121; x_wconf 87' lang='grc' dir='ltr'><em>Ι</em></span> <span class='ocrx_word' id='word_1_156' title='bbox 174 2072 188 2120; x_wconf 94' lang='grc'>1</span> <span class='ocrx_word' id='word_1_157' title='bbox 207 2068 300 2120; x_wconf 77' lang='lat' dir='ltr'><strong>marte</strong></span> <span class='ocrx_word' id='word_1_158' title='bbox 318 2068 357 2136; x_wconf 92' lang='lat' dir='ltr'><strong>(m</strong></span> <span class='ocrx_word' id='word_1_159' title='bbox 373 2084 460 2138; x_wconf 73' lang='lat' dir='ltr'><strong>sopra</strong></span> <span class='ocrx_word' id='word_1_160' title='bbox 478 2085 583 2124; x_wconf 79' lang='lat' dir='ltr'><strong>cereum</strong></span> <span class='ocrx_word' id='word_1_161' title='bbox 601 2087 634 2125; x_wconf 85' lang='lat' dir='ltr'><strong>m.</strong></span> <span class='ocrx_word' id='word_1_162' title='bbox 652 2072 681 2140; x_wconf 90' lang='lat'><strong>1)</strong></span> <span class='ocrx_word' id='word_1_163' title='bbox 700 2070 728 2123; x_wconf 92' lang='grc' dir='ltr'><strong><em>Β</em></strong></span> <span class='ocrx_word' id='word_1_164' title='bbox 744 2070 748 2136; x_wconf 89' lang='grc' dir='ltr'>Ι</span> <span class='ocrx_word' id='word_1_165' title='bbox 763 2068 930 2138; x_wconf 81' lang='lat' dir='ltr'><strong>posthumus</strong></span> <span class='ocrx_word' id='word_1_166' title='bbox 950 2068 980 2138; x_wconf 93' lang='lat' dir='ltr'><strong>(h</strong></span> <span class='ocrx_word' id='word_1_167' title='bbox 998 2085 1084 2137; x_wconf 83' lang='lat' dir='ltr'><strong>supra</strong></span> 
     </span>
     <span class='ocr_line' id='line_1_22' title="bbox 84 2138 1084 2211; baseline -0.001 -18"><span class='ocrx_word' id='word_1_168' title='bbox 84 2152 172 2193; x_wconf 71' lang='lat' dir='ltr'><strong>reseca</strong></span> <span class='ocrx_word' id='word_1_169' title='bbox 189 2156 225 2194; x_wconf 88' lang='lat' dir='ltr'><strong>m.</strong></span> <span class='ocrx_word' id='word_1_170' title='bbox 239 2142 270 2206; x_wconf 88' lang='lat'><strong>1)</strong></span> <span class='ocrx_word' id='word_1_171' title='bbox 285 2139 313 2193; x_wconf 93' lang='grc' dir='ltr'><strong><em>Β</em></strong></span> <span class='ocrx_word' id='word_1_172' title='bbox 330 2140 478 2207; x_wconf 78' lang='lat' dir='ltr'><strong>postumus</strong></span> <span class='ocrx_word' id='word_1_173' title='bbox 492 2140 527 2193; x_wconf 91' lang='lat' dir='ltr'><strong><em>N</em></strong></span> <span class='ocrx_word' id='word_1_174' title='bbox 541 2143 687 2209; x_wconf 79' lang='lat' dir='ltr'><strong>pontumue</strong></span> <span class='ocrx_word' id='word_1_175' title='bbox 701 2141 728 2194; x_wconf 88' lang='lat' dir='ltr'><em>L</em></span> <span class='ocrx_word' id='word_1_176' title='bbox 744 2140 748 2211; x_wconf 91' lang='grc' dir='ltr'>Ι</span> <span class='ocrx_word' id='word_1_177' title='bbox 766 2140 896 2194; x_wconf 86' lang='lat' dir='ltr'><strong>ductator</strong></span> <span class='ocrx_word' id='word_1_178' title='bbox 914 2142 946 2194; x_wconf 82' lang='lat' dir='ltr'><strong>io</strong></span> <span class='ocrx_word' id='word_1_179' title='bbox 961 2138 1084 2193; x_wconf 87' lang='lat' dir='ltr'><strong>dictator</strong></span> 
     </span>
     <span class='ocr_line' id='line_1_23' title="bbox 83 2208 1083 2280; baseline -0.001 -16"><span class='ocrx_word' id='word_1_180' title='bbox 83 2214 135 2264; x_wconf 72' lang='lat' dir='ltr'><strong>utet.</strong></span> <span class='ocrx_word' id='word_1_181' title='bbox 150 2210 176 2264; x_wconf 99' lang='lat' dir='ltr'><strong><em>L</em></strong></span> <span class='ocrx_word' id='word_1_182' title='bbox 189 2211 230 2279; x_wconf 71' lang='lat' dir='ltr'><strong>lt</strong></span> <span class='ocrx_word' id='word_1_183' title='bbox 251 2208 369 2278; x_wconf 79' lang='lat' dir='ltr'><strong>dignum</strong></span> <span class='ocrx_word' id='word_1_184' title='bbox 382 2209 416 2263; x_wconf 89' lang='lat' dir='ltr'><em>N</em></span> <span class='ocrx_word' id='word_1_185' title='bbox 425 2211 436 2280; x_wconf 80' lang='grc' dir='ltr'><strong>ΙΙ</strong></span> <span class='ocrx_word' id='word_1_186' title='bbox 450 2216 466 2263; x_wconf 79' lang='lat' dir='ltr'><strong>t</strong></span> <span class='ocrx_word' id='word_1_187' title='bbox 480 2211 513 2263; x_wconf 87' lang='lat' dir='ltr'><strong>ut</strong></span> <span class='ocrx_word' id='word_1_188' title='bbox 530 2209 596 2264; x_wconf 86' lang='lat' dir='ltr'><strong>inde</strong></span> <span class='ocrx_word' id='word_1_189' title='bbox 609 2209 670 2280; x_wconf 88' lang='lat' dir='ltr'><strong>ipse</strong></span> <span class='ocrx_word' id='word_1_190' title='bbox 684 2211 827 2279; x_wconf 83' lang='lat' dir='ltr'><strong>peteretur</strong></span> <span class='ocrx_word' id='word_1_191' title='bbox 841 2212 869 2265; x_wconf 92' lang='lat' dir='ltr'><em>B</em></span> <span class='ocrx_word' id='word_1_192' title='bbox 883 2209 926 2262; x_wconf 89' lang='lat' dir='ltr'><strong>uti</strong></span> <span class='ocrx_word' id='word_1_193' title='bbox 939 2211 1083 2278; x_wconf 82' lang='lat' dir='ltr'><strong>peteretur</strong></span> 
     </span>
     <span class='ocr_line' id='line_1_24' title="bbox 84 2276 1083 2350; baseline 0.001 -19"><span class='ocrx_word' id='word_1_194' title='bbox 84 2276 109 2333; x_wconf 81' lang='lat'><strong>0:</strong></span> <span class='ocrx_word' id='word_1_195' title='bbox 119 2296 184 2336; x_wconf 85' lang='lat' dir='ltr'><strong>corr.</strong></span> <span class='ocrx_word' id='word_1_196' title='bbox 194 2280 234 2335; x_wconf 90' lang='lat' dir='ltr'><strong>N.</strong></span> <span class='ocrx_word' id='word_1_197' title='bbox 244 2279 390 2348; x_wconf 70' lang='lat' dir='ltr'><strong>Heinsius,</strong></span> <span class='ocrx_word' id='word_1_198' title='bbox 403 2281 436 2334; x_wconf 89' lang='lat' dir='ltr'><strong>ut</strong></span> <span class='ocrx_word' id='word_1_199' title='bbox 448 2282 622 2350; x_wconf 84' lang='lat' dir='ltr'><strong>repeteretur</strong></span> <span class='ocrx_word' id='word_1_200' title='bbox 630 2282 792 2334; x_wconf 76' lang='lat' dir='ltr'><strong>Perizonius</strong></span> <span class='ocrx_word' id='word_1_201' title='bbox 806 2287 831 2334; x_wconf 90' lang='lat' dir='ltr'><strong>et</strong></span> <span class='ocrx_word' id='word_1_202' title='bbox 843 2281 956 2347; x_wconf 79' lang='lat' dir='ltr'><strong>Tollius,</strong></span> <span class='ocrx_word' id='word_1_203' title='bbox 971 2281 1004 2333; x_wconf 88' lang='lat' dir='ltr'><strong>ut</strong></span> <span class='ocrx_word' id='word_1_204' title='bbox 1017 2279 1083 2333; x_wconf 89' lang='lat' dir='ltr'><strong>inde</strong></span> 
     </span>
     <span class='ocr_line' id='line_1_25' title="bbox 82 2349 1081 2421; baseline -0.003 -16"><span class='ocrx_word' id='word_1_205' title='bbox 82 2352 240 2419; x_wconf 81' lang='lat' dir='ltr'><strong>repeteretur</strong></span> <span class='ocrx_word' id='word_1_206' title='bbox 247 2351 369 2407; x_wconf 78' lang='lat' dir='ltr'><strong>Iaheoc&#39;scs</strong></span> <span class='ocrx_word' id='word_1_207' title='bbox 382 2352 415 2405; x_wconf 92' lang='lat' dir='ltr'><strong>ut</strong></span> <span class='ocrx_word' id='word_1_208' title='bbox 427 2349 536 2421; x_wconf 86' lang='lat' dir='ltr'><strong>impetu</strong></span> <span class='ocrx_word' id='word_1_209' title='bbox 549 2352 692 2420; x_wconf 87' lang='lat' dir='ltr'><strong>peteretur</strong></span> <span class='ocrx_word' id='word_1_210' title='bbox 704 2351 842 2405; x_wconf 73' lang='lat' dir='ltr'><strong>Trachine</strong></span> <span class='ocrx_word' id='word_1_211' title='bbox 854 2368 882 2419; x_wconf 82' lang='lat' dir='ltr'><strong>p.</strong></span> <span class='ocrx_word' id='word_1_212' title='bbox 893 2355 929 2404; x_wconf 84' lang='lat'><strong>10</strong></span> <span class='ocrx_word' id='word_1_213' title='bbox 946 2352 949 2419; x_wconf 89' lang='grc' dir='ltr'>Ι</span> <span class='ocrx_word' id='word_1_214' title='bbox 967 2349 1081 2420; x_wconf 84' lang='lat' dir='ltr'><strong>Cossus]</strong></span> 
     </span>
     <span class='ocr_line' id='line_1_26' title="bbox 81 2420 1080 2491; baseline -0.003 -16"><span class='ocrx_word' id='word_1_215' title='bbox 81 2434 150 2474; x_wconf 85' lang='lat' dir='ltr'><strong>emsu</strong></span> <span class='ocrx_word' id='word_1_216' title='bbox 162 2438 260 2476; x_wconf 87' lang='lat' dir='ltr'><strong>cossus</strong></span> <span class='ocrx_word' id='word_1_217' title='bbox 275 2420 300 2475; x_wconf 82' lang='lat'><em>0</em></span> <span class='ocrx_word' id='word_1_218' title='bbox 333 2420 461 2490; x_wconf 87' lang='lat' dir='ltr'><strong>equitum</strong></span> <span class='ocrx_word' id='word_1_219' title='bbox 475 2425 504 2491; x_wconf 91' lang='lat' dir='ltr'><strong>(q</strong></span> <span class='ocrx_word' id='word_1_220' title='bbox 518 2429 638 2477; x_wconf 80' lang='lat' dir='ltr'><strong>correcto</strong></span> <span class='ocrx_word' id='word_1_221' title='bbox 652 2439 685 2476; x_wconf 79' lang='lat' dir='ltr'><strong>eac</strong></span> <span class='ocrx_word' id='word_1_222' title='bbox 694 2424 724 2490; x_wconf 77' lang='lat' dir='ltr'><strong>g)</strong></span> <span class='ocrx_word' id='word_1_223' title='bbox 734 2422 762 2475; x_wconf 92' lang='lat' dir='ltr'><em>B</em></span> <span class='ocrx_word' id='word_1_224' title='bbox 776 2422 785 2489; x_wconf 75' lang='lat' dir='ltr'><strong>{l</strong></span> <span class='ocrx_word' id='word_1_225' title='bbox 799 2426 816 2473; x_wconf 84' lang='lat'>4</span> <span class='ocrx_word' id='word_1_226' title='bbox 830 2420 906 2489; x_wconf 89' lang='lat' dir='ltr'><strong>quod</strong></span> <span class='ocrx_word' id='word_1_227' title='bbox 915 2420 949 2473; x_wconf 93' lang='lat' dir='ltr'><em>N</em></span> <span class='ocrx_word' id='word_1_228' title='bbox 958 2422 998 2488; x_wconf 82' lang='grc'><strong>116</strong></span> <span class='ocrx_word' id='word_1_229' title='bbox 1014 2420 1080 2474; x_wconf 90' lang='lat' dir='ltr'><strong>deos</strong></span> 
     </span>
     <span class='ocr_line' id='line_1_27' title="bbox 81 2424 1080 2563; baseline -0.004 -17"><span class='ocrx_word' id='word_1_230' title='bbox 81 2492 228 2560; x_wconf 75' lang='lat' dir='ltr'><strong>qreotaeulo</strong></span> <span class='ocrx_word' id='word_1_231' title='bbox 241 2492 270 2546; x_wconf 94' lang='lat' dir='ltr'><strong><em>L</em></strong></span> <span class='ocrx_word' id='word_1_232' title='bbox 305 2424 376 2547; x_wconf 70' lang='lat' dir='ltr'><strong>duos</strong></span> <span class='ocrx_word' id='word_1_233' title='bbox 385 2493 413 2547; x_wconf 92' lang='lat' dir='ltr'><strong><em>L</em></strong></span> <span class='ocrx_word' id='word_1_234' title='bbox 426 2495 436 2563; x_wconf 86' lang='grc' dir='ltr'><strong>ΙΙ</strong></span> <span class='ocrx_word' id='word_1_235' title='bbox 451 2498 466 2546; x_wconf 79' lang='grc'><strong>7</strong></span> <span class='ocrx_word' id='word_1_236' title='bbox 480 2492 596 2547; x_wconf 90' lang='lat' dir='ltr'><strong>iuuenes</strong></span> <span class='ocrx_word' id='word_1_237' title='bbox 606 2524 639 2532; x_wconf 93' lang='lat'>—</span> <span class='ocrx_word' id='word_1_238' title='bbox 649 2491 930 2561; x_wconf 85' lang='lat' dir='ltr'><strong>praeteruoleuerunt</strong></span> <span class='ocrx_word' id='word_1_239' title='bbox 943 2508 994 2545; x_wconf 85' lang='lat' dir='ltr'><strong>om.</strong></span> <span class='ocrx_word' id='word_1_240' title='bbox 1006 2492 1029 2545; x_wconf 83' lang='grc'><em>0</em></span> <span class='ocrx_word' id='word_1_241' title='bbox 1041 2492 1050 2560; x_wconf 74' lang='lat' dir='ltr'><strong>ll</strong></span> <span class='ocrx_word' id='word_1_242' title='bbox 1064 2494 1080 2542; x_wconf 92' lang='lat'>8</span> 
     </span>
     <span class='ocr_line' id='line_1_28' title="bbox 81 2560 1080 2635; baseline -0.001 -18"><span class='ocrx_word' id='word_1_243' title='bbox 81 2560 158 2631; x_wconf 78' lang='lat' dir='ltr'><strong>elque</strong></span> <span class='ocrx_word' id='word_1_244' title='bbox 172 2563 200 2617; x_wconf 94' lang='grc' dir='ltr'><strong><em>Β</em></strong></span> <span class='ocrx_word' id='word_1_245' title='bbox 216 2564 221 2632; x_wconf 93' lang='grc' dir='ltr'>Ι</span> <span class='ocrx_word' id='word_1_246' title='bbox 236 2580 257 2633; x_wconf 94' lang='lat' dir='ltr'><strong>p</strong></span> <span class='ocrx_word' id='word_1_247' title='bbox 299 2580 380 2619; x_wconf 86' lang='lat' dir='ltr'><strong>noem</strong></span> <span class='ocrx_word' id='word_1_248' title='bbox 394 2565 417 2619; x_wconf 82' lang='lat'><strong><em>0</em></strong></span> <span class='ocrx_word' id='word_1_249' title='bbox 432 2568 436 2633; x_wconf 89' lang='grc' dir='ltr'>Ι</span> <span class='ocrx_word' id='word_1_250' title='bbox 451 2563 512 2635; x_wconf 87' lang='lat' dir='ltr'><strong>ipse</strong></span> <span class='ocrx_word' id='word_1_251' title='bbox 530 2581 581 2619; x_wconf 84' lang='lat' dir='ltr'><strong>om.</strong></span> <span class='ocrx_word' id='word_1_252' title='bbox 597 2564 625 2631; x_wconf 85' lang='lat'><strong>0,</strong></span> <span class='ocrx_word' id='word_1_253' title='bbox 644 2564 679 2629; x_wconf 81' lang='lat' dir='ltr'><strong>cf.</strong></span> <span class='ocrx_word' id='word_1_254' title='bbox 691 2580 721 2631; x_wconf 78' lang='lat' dir='ltr'><strong>p.</strong></span> <span class='ocrx_word' id='word_1_255' title='bbox 736 2570 780 2631; x_wconf 83' lang='lat'><strong>11,</strong></span> <span class='ocrx_word' id='word_1_256' title='bbox 794 2569 811 2617; x_wconf 81' lang='lat'><em>7</em></span> <span class='ocrx_word' id='word_1_257' title='bbox 825 2566 834 2633; x_wconf 75' lang='grc' dir='ltr'><strong>ΙΙ</strong></span> <span class='ocrx_word' id='word_1_258' title='bbox 848 2568 864 2615; x_wconf 86' lang='grc'>9</span> <span class='ocrx_word' id='word_1_259' title='bbox 880 2561 1040 2630; x_wconf 82' lang='lat' dir='ltr'><strong>Pectusque</strong></span> <span class='ocrx_word' id='word_1_260' title='bbox 1054 2563 1080 2631; x_wconf 85' lang='lat' dir='ltr'><strong>(c</strong></span> 
     </span>
     <span class='ocr_line' id='line_1_29' title="bbox 80 2632 1080 2758; baseline -0.001 -69"><span class='ocrx_word' id='word_1_261' title='bbox 80 2640 186 2690; x_wconf 70' lang='lat' dir='ltr'><strong>mnodo</strong></span> <span class='ocrx_word' id='word_1_262' title='bbox 204 2651 239 2689; x_wconf 77' lang='lat' dir='ltr'><strong>ea·</strong></span> <span class='ocrx_word' id='word_1_263' title='bbox 257 2637 281 2705; x_wconf 85' lang='lat' dir='ltr'><strong>s)</strong></span> <span class='ocrx_word' id='word_1_264' title='bbox 295 2635 323 2688; x_wconf 96' lang='lat' dir='ltr'><strong><em>L</em></strong></span> <span class='ocrx_word' id='word_1_265' title='bbox 338 2637 342 2705; x_wconf 91' lang='grc' dir='ltr'>Ι</span> <span class='ocrx_word' id='word_1_266' title='bbox 358 2634 508 2689; x_wconf 88' lang='lat' dir='ltr'><strong>uictoriam</strong></span> <span class='ocrx_word' id='word_1_267' title='bbox 524 2637 553 2758; x_wconf 55' lang='lat' dir='ltr'><strong>g&gt;</strong></span> <span class='ocrx_word' id='word_1_268' title='bbox 571 2640 692 2689; x_wconf 82' lang='lat' dir='ltr'><strong>correcta</strong></span> <span class='ocrx_word' id='word_1_269' title='bbox 705 2650 739 2688; x_wconf 81' lang='lat' dir='ltr'><strong>eac</strong></span> <span class='ocrx_word' id='word_1_270' title='bbox 752 2636 781 2703; x_wconf 85' lang='lat' dir='ltr'><strong>u)</strong></span> <span class='ocrx_word' id='word_1_271' title='bbox 796 2634 822 2686; x_wconf 94' lang='lat' dir='ltr'><strong><em>L</em></strong></span> <span class='ocrx_word' id='word_1_272' title='bbox 839 2640 841 2696; x_wconf 74' lang='lat' dir='ltr'><strong>l</strong></span> <span class='ocrx_word' id='word_1_273' title='bbox 858 2632 966 2701; x_wconf 86' lang='lat' dir='ltr'><strong>templa</strong></span> <span class='ocrx_word' id='word_1_274' title='bbox 980 2635 1008 2702; x_wconf 86' lang='lat' dir='ltr'><strong>(a</strong></span> <span class='ocrx_word' id='word_1_275' title='bbox 1022 2649 1080 2688; x_wconf 88' lang='lat' dir='ltr'><strong>eor·</strong></span> 
     </span>
     <span class='ocr_line' id='line_1_30' title="bbox 79 2702 1081 2776; baseline -0.004 -16"><span class='ocrx_word' id='word_1_276' title='bbox 79 2710 187 2761; x_wconf 71' lang='lat' dir='ltr'><strong>micea</strong></span> <span class='ocrx_word' id='word_1_277' title='bbox 203 2722 253 2759; x_wconf 90' lang='lat' dir='ltr'><strong>um</strong></span> <span class='ocrx_word' id='word_1_278' title='bbox 281 2706 308 2761; x_wconf 94' lang='lat' dir='ltr'><strong><em>L</em></strong></span> <span class='ocrx_word' id='word_1_279' title='bbox 321 2708 331 2776; x_wconf 82' lang='grc' dir='ltr'><strong>ΙΙ</strong></span> <span class='ocrx_word' id='word_1_280' title='bbox 345 2711 379 2759; x_wconf 89' lang='grc'><strong>10</strong></span> <span class='ocrx_word' id='word_1_281' title='bbox 398 2704 458 2759; x_wconf 89' lang='lat' dir='ltr'><strong>deis</strong></span> <span class='ocrx_word' id='word_1_282' title='bbox 476 2706 511 2759; x_wconf 97' lang='lat' dir='ltr'><em>N</em></span> <span class='ocrx_word' id='word_1_283' title='bbox 550 2704 610 2759; x_wconf 90' lang='lat' dir='ltr'><strong>ehis</strong></span> <span class='ocrx_word' id='word_1_284' title='bbox 629 2705 655 2758; x_wconf 96' lang='lat' dir='ltr'><strong><em>L</em></strong></span> <span class='ocrx_word' id='word_1_285' title='bbox 670 2706 679 2773; x_wconf 71' lang='lat' dir='ltr'><strong>ll</strong></span> <span class='ocrx_word' id='word_1_286' title='bbox 694 2710 726 2756; x_wconf 95' lang='lat'><strong>11</strong></span> <span class='ocrx_word' id='word_1_287' title='bbox 748 2707 862 2758; x_wconf 86' lang='lat' dir='ltr'><strong>actenus</strong></span> <span class='ocrx_word' id='word_1_288' title='bbox 881 2704 915 2758; x_wconf 93' lang='lat' dir='ltr'><em>N</em></span> <span class='ocrx_word' id='word_1_289' title='bbox 932 2708 936 2772; x_wconf 84' lang='grc' dir='ltr'>Ι</span> <span class='ocrx_word' id='word_1_290' title='bbox 951 2702 997 2758; x_wconf 89' lang='lat' dir='ltr'><strong>his</strong></span> <span class='ocrx_word' id='word_1_291' title='bbox 1017 2704 1081 2757; x_wconf 91' lang='lat' dir='ltr'><strong>dem</strong></span> 
     </span>
     <span class='ocr_line' id='line_1_31' title="bbox 79 2708 1081 2854; baseline 0.001 -26"><span class='ocrx_word' id='word_1_292' title='bbox 79 2772 219 2829; x_wconf 86' lang='lat' dir='ltr'><strong>Bcisdom</strong></span> <span class='ocrx_word' id='word_1_293' title='bbox 240 2708 283 2845; x_wconf 53' lang='grc' dir='ltr'><strong>ἐΙΙ</strong></span> <span class='ocrx_word' id='word_1_294' title='bbox 302 2780 335 2831; x_wconf 82' lang='lat' dir='ltr'><strong>1u</strong></span> <span class='ocrx_word' id='word_1_295' title='bbox 354 2775 466 2830; x_wconf 81' lang='lat' dir='ltr'><strong>assidue</strong></span> <span class='ocrx_word' id='word_1_296' title='bbox 485 2776 512 2831; x_wconf 94' lang='lat' dir='ltr'><strong><em>L</em></strong></span> <span class='ocrx_word' id='word_1_297' title='bbox 527 2777 532 2845; x_wconf 85' lang='grc' dir='ltr'>Ι</span> <span class='ocrx_word' id='word_1_298' title='bbox 548 2792 614 2829; x_wconf 84' lang='lat' dir='ltr'><strong>cora</strong></span> <span class='ocrx_word' id='word_1_299' title='bbox 632 2776 719 2830; x_wconf 84' lang='lat' dir='ltr'><strong>Rehd.</strong></span> <span class='ocrx_word' id='word_1_300' title='bbox 740 2792 804 2830; x_wconf 87' lang='lat' dir='ltr'><strong>sora</strong></span> <span class='ocrx_word' id='word_1_301' title='bbox 822 2776 849 2828; x_wconf 88' lang='lat' dir='ltr'><strong><em>A</em></strong></span> <span class='ocrx_word' id='word_1_302' title='bbox 868 2791 933 2828; x_wconf 82' lang='lat' dir='ltr'><strong>sore</strong></span> <span class='ocrx_word' id='word_1_303' title='bbox 944 2778 975 2854; x_wconf 85' lang='lat' dir='ltr'><strong>¹(s</strong></span> <span class='ocrx_word' id='word_1_304' title='bbox 993 2792 1081 2843; x_wconf 81' lang='lat' dir='ltr'><strong>sopra</strong></span> 
     </span>
     <span class='ocr_line' id='line_1_32' title="bbox 79 2844 1080 2915; baseline -0.002 -13"><span class='ocrx_word' id='word_1_305' title='bbox 79 2859 171 2902; x_wconf 66' lang='lat' dir='ltr'><strong>metm</strong></span> <span class='ocrx_word' id='word_1_306' title='bbox 188 2864 223 2901; x_wconf 86' lang='lat' dir='ltr'><strong>m.</strong></span> <span class='ocrx_word' id='word_1_307' title='bbox 243 2847 271 2915; x_wconf 89' lang='lat'><strong>1)</strong></span> <span class='ocrx_word' id='word_1_308' title='bbox 289 2845 324 2901; x_wconf 95' lang='lat' dir='ltr'><em>N</em></span> <span class='ocrx_word' id='word_1_309' title='bbox 339 2844 395 2900; x_wconf 86' lang='lat' dir='ltr'><strong>Ora</strong></span> <span class='ocrx_word' id='word_1_310' title='bbox 413 2847 440 2900; x_wconf 95' lang='lat' dir='ltr'><strong><em>L</em></strong></span> <span class='ocrx_word' id='word_1_311' title='bbox 463 2847 537 2902; x_wconf 82' lang='lat' dir='ltr'><strong>Voss.</strong></span> <span class='ocrx_word' id='word_1_312' title='bbox 557 2848 667 2902; x_wconf 80' lang='lat' dir='ltr'><strong>Monac.</strong></span> <span class='ocrx_word' id='word_1_313' title='bbox 687 2849 690 2915; x_wconf 93' lang='grc' dir='ltr'>Ι</span> <span class='ocrx_word' id='word_1_314' title='bbox 712 2845 1080 2914; x_wconf 84' lang='lat' dir='ltr'><strong>seraqueetals1um(om.</strong></span> 
     </span>
     <span class='ocr_line' id='line_1_33' title="bbox 93 2914 1081 2987; baseline -0.003 -16"><span class='ocrx_word' id='word_1_315' title='bbox 93 2914 131 2971; x_wconf 83' lang='lat' dir='ltr'><strong>uir</strong></span> <span class='ocrx_word' id='word_1_316' title='bbox 155 2916 264 2987; x_wconf 84' lang='lat' dir='ltr'><strong>eredat)</strong></span> <span class='ocrx_word' id='word_1_317' title='bbox 288 2923 353 2986; x_wconf 84' lang='lat' dir='ltr'><strong>post</strong></span> <span class='ocrx_word' id='word_1_318' title='bbox 380 2918 446 2971; x_wconf 83' lang='lat' dir='ltr'><strong>sotr.</strong></span> <span class='ocrx_word' id='word_1_319' title='bbox 475 2933 499 2973; x_wconf 83' lang='lat' dir='ltr'><strong>a.</strong></span> <span class='ocrx_word' id='word_1_320' title='bbox 528 2935 602 2972; x_wconf 89' lang='lat' dir='ltr'><strong>oorn.</strong></span> <span class='ocrx_word' id='word_1_321' title='bbox 626 2920 648 2971; x_wconf 92' lang='grc' dir='ltr'><em>Ι</em></span> <span class='ocrx_word' id='word_1_322' title='bbox 665 2919 675 2985; x_wconf 85' lang='grc' dir='ltr'><strong>ΙΙ</strong></span> <span class='ocrx_word' id='word_1_323' title='bbox 700 2924 732 2970; x_wconf 88' lang='grc'><strong>13</strong></span> <span class='ocrx_word' id='word_1_324' title='bbox 756 2916 883 2987; x_wconf 85' lang='lat' dir='ltr'><strong>algidum</strong></span> <span class='ocrx_word' id='word_1_325' title='bbox 907 2920 930 2971; x_wconf 80' lang='lat'><em>0</em></span> <span class='ocrx_word' id='word_1_326' title='bbox 951 2922 955 2983; x_wconf 78' lang='grc' dir='ltr'>Ι</span> <span class='ocrx_word' id='word_1_327' title='bbox 980 2915 1081 2970; x_wconf 86' lang='lat' dir='ltr'><strong>terrori</strong></span> 
     </span>
    </p>

    <p class='ocr_par' dir='ltr' id='par_1_5' title="bbox 68 2987 1177 3485">
     <span class='ocr_line' id='line_1_34' title="bbox 209 2987 1081 3112; baseline -0.002 -71"><span class='ocrx_word' id='word_1_328' title='bbox 209 2989 310 3057; x_wconf 84' lang='lat' dir='ltr'><strong>captas</strong></span> <span class='ocrx_word' id='word_1_329' title='bbox 330 2988 388 3056; x_wconf 82' lang='lat' dir='ltr'><strong>(sic,</strong></span> <span class='ocrx_word' id='word_1_330' title='bbox 406 2990 475 3060; x_wconf 76' lang='lat' dir='ltr'><strong>lepe:</strong></span> <span class='ocrx_word' id='word_1_331' title='bbox 495 2992 595 3058; x_wconf 84' lang='lat' dir='ltr'><strong>ceptae</strong></span> <span class='ocrx_word' id='word_1_332' title='bbox 615 2989 724 3112; x_wconf 42' lang='lat' dir='ltr'><strong>suntpl</strong></span> <span class='ocrx_word' id='word_1_333' title='bbox 744 2991 753 3057; x_wconf 84' lang='grc' dir='ltr'><strong>ΙΙ</strong></span> <span class='ocrx_word' id='word_1_334' title='bbox 777 2993 811 3040; x_wconf 87' lang='grc'><strong>14</strong></span> <span class='ocrx_word' id='word_1_335' title='bbox 830 2987 922 3055; x_wconf 87' lang='lat' dir='ltr'><strong>adque</strong></span> <span class='ocrx_word' id='word_1_336' title='bbox 940 2990 968 3043; x_wconf 90' lang='lat' dir='ltr'><strong><em>A</em></strong></span> <span class='ocrx_word' id='word_1_337' title='bbox 988 2990 992 3055; x_wconf 87' lang='grc' dir='ltr'>Ι</span> <span class='ocrx_word' id='word_1_338' title='bbox 1017 3003 1081 3055; x_wconf 90' lang='lat' dir='ltr'><strong>pro-</strong></span> 
     </span>
     <span class='ocr_line' id='line_1_35' title="bbox 81 3054 1082 3129; baseline -0.002 -16"><span class='ocrx_word' id='word_1_339' title='bbox 81 3054 176 3113; x_wconf 78' lang='lat' dir='ltr'><strong>uinciae</strong></span> <span class='ocrx_word' id='word_1_340' title='bbox 207 3056 410 3129; x_wconf 84' lang='lat' dir='ltr'><strong>prouineieque</strong></span> <span class='ocrx_word' id='word_1_341' title='bbox 428 3059 529 3114; x_wconf 80' lang='lat' dir='ltr'><strong>effecte</strong></span> <span class='ocrx_word' id='word_1_342' title='bbox 546 3062 567 3113; x_wconf 92' lang='lat' dir='ltr'><strong><em>I</em></strong></span> <span class='ocrx_word' id='word_1_343' title='bbox 585 3062 589 3127; x_wconf 92' lang='grc'>1</span> <span class='ocrx_word' id='word_1_344' title='bbox 613 3058 679 3114; x_wconf 86' lang='lat' dir='ltr'><strong>boh&#39;</strong></span> <span class='ocrx_word' id='word_1_345' title='bbox 694 3058 729 3111; x_wconf 91' lang='lat' dir='ltr'><strong>lis</strong></span> <span class='ocrx_word' id='word_1_346' title='bbox 748 3060 770 3112; x_wconf 93' lang='lat' dir='ltr'><strong><em>I</em></strong></span> <span class='ocrx_word' id='word_1_347' title='bbox 787 3061 796 3127; x_wconf 89' lang='grc' dir='ltr'><strong>ΙΙ</strong></span> <span class='ocrx_word' id='word_1_348' title='bbox 821 3064 853 3112; x_wconf 81' lang='lat'><strong>15</strong></span> <span class='ocrx_word' id='word_1_349' title='bbox 872 3058 1082 3128; x_wconf 88' lang='lat' dir='ltr'><strong>triumphauere</strong></span> 
     </span>
     <span class='ocr_line' id='line_1_36' title="bbox 82 3128 1177 3199; baseline -0.001 -16"><span class='ocrx_word' id='word_1_350' title='bbox 82 3128 175 3183; x_wconf 79' lang='lat' dir='ltr'><strong>unani</strong></span> <span class='ocrx_word' id='word_1_351' title='bbox 187 3129 209 3182; x_wconf 95' lang='grc' dir='ltr'><strong><em>Ι</em></strong></span> <span class='ocrx_word' id='word_1_352' title='bbox 217 3132 228 3199; x_wconf 72' lang='grc' dir='ltr'><strong>ΙΙ</strong></span> <span class='ocrx_word' id='word_1_353' title='bbox 242 3134 276 3183; x_wconf 84' lang='grc'><strong>16</strong></span> <span class='ocrx_word' id='word_1_354' title='bbox 295 3129 411 3183; x_wconf 81' lang='lat' dir='ltr'><strong>aestiuos</strong></span> <span class='ocrx_word' id='word_1_355' title='bbox 425 3131 459 3184; x_wconf 96' lang='lat' dir='ltr'><em>N</em></span> <span class='ocrx_word' id='word_1_356' title='bbox 471 3134 475 3196; x_wconf 93' lang='grc' dir='ltr'>Ι</span> <span class='ocrx_word' id='word_1_357' title='bbox 491 3130 595 3185; x_wconf 83' lang='lat' dir='ltr'><strong>delicia</strong></span> <span class='ocrx_word' id='word_1_358' title='bbox 609 3132 636 3184; x_wconf 94' lang='grc' dir='ltr'><strong><em>Β</em></strong></span> <span class='ocrx_word' id='word_1_359' title='bbox 655 3129 763 3184; x_wconf 74' lang='lat' dir='ltr'><strong>deliciae</strong></span> <span class='ocrx_word' id='word_1_360' title='bbox 777 3131 818 3183; x_wconf 90' lang='lat' dir='ltr'><strong>B¹</strong></span> <span class='ocrx_word' id='word_1_361' title='bbox 832 3132 841 3199; x_wconf 81' lang='grc' dir='ltr'><strong>ΙΙ</strong></span> <span class='ocrx_word' id='word_1_362' title='bbox 857 3135 890 3183; x_wconf 82' lang='grc'><strong>17</strong></span> <span class='ocrx_word' id='word_1_363' title='bbox 908 3131 982 3198; x_wconf 87' lang='lat' dir='ltr'><strong>phae</strong></span> <span class='ocrx_word' id='word_1_364' title='bbox 1002 3129 1080 3182; x_wconf 80' lang='lat' dir='ltr'><strong>sulse</strong></span> <span class='ocrx_word' id='word_1_365' title='bbox 1172 3165 1177 3175; x_wconf 79' lang='lat'><strong>·</strong></span> 
     </span>
     <span class='ocr_line' id='line_1_37' title="bbox 84 3194 1085 3270; baseline 0.004 -20"><span class='ocrx_word' id='word_1_366' title='bbox 84 3194 246 3267; x_wconf 71' lang='lat' dir='ltr'><strong>Ricarrhe</strong></span> <span class='ocrx_word' id='word_1_367' title='bbox 269 3199 298 3253; x_wconf 93' lang='grc' dir='ltr'><strong><em>Β</em></strong></span> <span class='ocrx_word' id='word_1_368' title='bbox 325 3200 440 3254; x_wconf 83' lang='lat' dir='ltr'><strong>charrae</strong></span> <span class='ocrx_word' id='word_1_369' title='bbox 465 3202 487 3254; x_wconf 91' lang='lat' dir='ltr'><em>I</em></span> <span class='ocrx_word' id='word_1_370' title='bbox 509 3218 599 3270; x_wconf 85' lang='lat' dir='ltr'><strong>caprae</strong></span> <span class='ocrx_word' id='word_1_371' title='bbox 623 3217 645 3253; x_wconf 84' lang='lat' dir='ltr'><strong>ae</strong></span> <span class='ocrx_word' id='word_1_372' title='bbox 668 3204 701 3269; x_wconf 81' lang='lat' dir='ltr'><strong>(oe</strong></span> <span class='ocrx_word' id='word_1_373' title='bbox 725 3217 747 3253; x_wconf 87' lang='lat' dir='ltr'><strong>ae</strong></span> <span class='ocrx_word' id='word_1_374' title='bbox 770 3202 916 3255; x_wconf 74' lang='lat' dir='ltr'><strong>coniurasti</strong></span> <span class='ocrx_word' id='word_1_375' title='bbox 938 3219 972 3254; x_wconf 83' lang='lat' dir='ltr'><strong>m.</strong></span> <span class='ocrx_word' id='word_1_376' title='bbox 996 3202 1024 3267; x_wconf 79' lang='lat'><strong>2)</strong></span> <span class='ocrx_word' id='word_1_377' title='bbox 1051 3200 1085 3255; x_wconf 95' lang='lat' dir='ltr'><em>N</em></span> 
     </span>
     <span class='ocr_line' id='line_1_38' title="bbox 86 3268 1080 3411; baseline 0 -19"><span class='ocrx_word' id='word_1_378' title='bbox 86 3268 923 3411; x_wconf 52' lang='lat' dir='ltr'><strong>llllddfflillidg&#39;elliilllhlhmdltl{lul</strong></span> <span class='ocrx_word' id='word_1_379' title='bbox 938 3273 968 3395; x_wconf 63' lang='lat' dir='ltr'><strong>l</strong></span> <span class='ocrx_word' id='word_1_380' title='bbox 983 3270 1080 3394; x_wconf 70' lang='lat' dir='ltr'><strong>itti·</strong></span> 
     </span>
     <span class='ocr_line' id='line_1_39' title="bbox 68 3361 1080 3485; baseline -0.001 -20"><span class='ocrx_word' id='word_1_381' title='bbox 68 3452 70 3485; x_wconf 40' lang='grc' dir='ltr'><strong>ᾗ</strong></span> <span class='ocrx_word' id='word_1_382' title='bbox 89 3404 175 3465; x_wconf 71' lang='lat' dir='ltr'><strong>rincum</strong></span> <span class='ocrx_word' id='word_1_383' title='bbox 190 3414 219 3467; x_wconf 88' lang='lat' dir='ltr'><strong><em>A</em></strong></span> <span class='ocrx_word' id='word_1_384' title='bbox 243 3418 248 3473; x_wconf 93' lang='grc' dir='ltr'>Ι</span> <span class='ocrx_word' id='word_1_385' title='bbox 271 3410 373 3467; x_wconf 88' lang='lat' dir='ltr'><strong>tiberis</strong></span> <span class='ocrx_word' id='word_1_386' title='bbox 392 3412 420 3465; x_wconf 82' lang='lat' dir='ltr'><strong><em>A</em></strong></span> <span class='ocrx_word' id='word_1_387' title='bbox 438 3413 513 3481; x_wconf 89' lang='lat' dir='ltr'><strong>quod</strong></span> <span class='ocrx_word' id='word_1_388' title='bbox 531 3386 613 3481; x_wconf 67' lang='lat' dir='ltr'><strong>tig’ris</strong></span> <span class='ocrx_word' id='word_1_389' title='bbox 633 3413 666 3465; x_wconf 97' lang='lat' dir='ltr'><em>N</em></span> <span class='ocrx_word' id='word_1_390' title='bbox 681 3361 756 3480; x_wconf 74' lang='lat' dir='ltr'><strong>quogd</strong></span> <span class='ocrx_word' id='word_1_391' title='bbox 774 3410 855 3480; x_wconf 80' lang='lat' dir='ltr'><strong>liguis</strong></span> <span class='ocrx_word' id='word_1_392' title='bbox 874 3412 902 3466; x_wconf 93' lang='lat' dir='ltr'><strong><em>L</em></strong></span> <span class='ocrx_word' id='word_1_393' title='bbox 927 3415 931 3481; x_wconf 90' lang='grc' dir='ltr'>Ι</span> <span class='ocrx_word' id='word_1_394' title='bbox 956 3411 1080 3465; x_wconf 87' lang='lat' dir='ltr'><strong>eufrates</strong></span> 
     </span>
    </p>

    <p class='ocr_par' dir='ltr' id='par_1_6' title="bbox 93 3476 908 3622">
     <span class='ocr_line' id='line_1_40' title="bbox 93 3476 908 3554; baseline 0.005 -22"><span class='ocrx_word' id='word_1_395' title='bbox 93 3476 139 3552; x_wconf 72' lang='lat'><strong>011</strong></span> <span class='ocrx_word' id='word_1_396' title='bbox 151 3481 272 3538; x_wconf 87' lang='lat' dir='ltr'><strong>Coriolos</strong></span> <span class='ocrx_word' id='word_1_397' title='bbox 291 3483 541 3554; x_wconf 66' lang='lat' dir='ltr'><strong>(lamecensem</strong></span> <span class='ocrx_word' id='word_1_398' title='bbox 558 3501 592 3538; x_wconf 84' lang='lat' dir='ltr'><strong>m.</strong></span> <span class='ocrx_word' id='word_1_399' title='bbox 612 3483 682 3551; x_wconf 85' lang='lat' dir='ltr'><strong>ead.)</strong></span> <span class='ocrx_word' id='word_1_400' title='bbox 701 3481 728 3535; x_wconf 95' lang='lat' dir='ltr'><strong><em>L</em></strong></span> <span class='ocrx_word' id='word_1_401' title='bbox 746 3481 867 3535; x_wconf 87' lang='lat' dir='ltr'><strong>ouriolos</strong></span> <span class='ocrx_word' id='word_1_402' title='bbox 886 3484 908 3536; x_wconf 93' lang='lat' dir='ltr'><strong><em>I</em></strong></span> 
     </span>
     <span class='ocr_line' id='line_1_41' title="bbox 832 3568 867 3622; baseline 0 -24"><span class='ocrx_word' id='word_1_403' title='bbox 832 3568 867 3622; x_wconf 51' lang='lat'><strong>2*</strong></span> 
     </span>
    </p>
   </div>
   <div class='ocr_carea' id='block_1_4' title="bbox 0 0 1207 3922">
    <p class='ocr_par' dir='ltr' id='par_1_7' title="bbox 0 0 1207 3922">
     <span class='ocr_line' id='line_1_42' title="bbox 0 0 1207 3922; baseline 0 0"><span class='ocrx_word' id='word_1_404' title='bbox 0 0 1207 3922; x_wconf 95' lang='lat' dir='ltr'><strong> </strong></span> 
     </span>
    </p>
   </div>
  </div>
 </body>
</html>
