2400 3930
454 165 492 233 H,
513 169 545 217 13
565 165 638 235 (ΠΠ,
657 168 692 235 2).
1017 164 1077 228 147

64 350 156 393 voces
186 349 303 411 quoque
332 331 531 411 obequitantis
559 339 709 412 acceptae,
741 331 831 391 altera
860 339 994 413 cruenta,
1025 334 1077 393 sed

66 422 154 482 docta
184 428 213 481 et
240 419 277 480 ad
304 422 458 480 victoriam
486 421 589 482 efficax
617 417 713 481 ‘miles
741 421 846 480 faciem
874 417 953 481 leril’
987 421 1077 482 altera

66 511 104 572 ad
137 511 328 570 iactationem
359 511 510 588 conposita
544 507 643 588 ‘parce
674 503 812 570 civibusl'
844 528 911 569 cnm
939 512 1003 589 1111
1032 530 1077 571 11-
1097 522 1130 570 51

66 605 212 679 queretur
234 596 352 658 felicem
374 605 533 678 utcumque
558 601 590 658 in
612 599 697 658 malis
720 598 902 678 Pompeium,
926 601 952 658 si
974 599 1078 660 eadem

37 691 168 767 ⁵ipsum
199 705 273 765 quae
302 689 465 747 exercitum
494 689 558 747 eius
587 687 704 748 fortuna
731 689 879 747 traxisset.
926 695 1077 765 superstes

67 777 221 856 dignitatis
246 794 316 836 suae
339 777 420 856 vixit,
442 783 476 835 ut
499 795 566 836 cum
585 779 696 836 maiore
716 776 933 854 (11111111111
952 777 1077 836 Thessa-

65 865 124 927 lica
148 865 259 944 Tempe
287 882 363 943 equo
391 864 519 945 fugeret,
547 871 580 925 nt
606 884 664 925 nna
688 864 821 925 navicula
843 863 960 924 Lesbon
984 865 1076 944 appli-

65 959 163 1034 caret,
189 960 224 1013 ut
246 952 401 1033 SyhedriS,
425 955 457 1012 in
480 953 597 1014 deserto
622 953 741 1014 Ciliciae
766 952 900 1034 scopulo,
924 954 1022 1032 lugam
1044 957 1076 1014 in

64 1041 193 1103 Parthos
210 1040 339 1102 Africam
362 1041 408 1101 vel
427 1041 578 1121 Aegypton
601 1045 734 1123 agitaret,
757 1049 790 1102 ut
812 1043 939 1120 denique
959 1042 1076 1103 Pelusio
1096 1055 1130 1103 tn

22 1143 49 1185 1⁰
64 1131 170 1211 litore,
197 1132 323 1209 imperio
347 1130 482 1190 vilissimi
508 1133 600 1212 regis,
628 1131 760 1192 consiliis
784 1131 947 1209 spadonum
970 1139 1012 1211 et,
1040 1151 1076 1192 ne

65 1219 142 1300 quid
164 1219 250 1279 malis
274 1219 363 1300 desit,
391 1218 516 1297 Septimi
539 1219 700 1281 desertoris
725 1222 771 1280 sui
794 1219 889 1298 gladio
912 1221 1076 1280 trucidatus

64 1308 123 1370 sub
149 1307 242 1369 oculis
265 1308 367 1367 uxoris
391 1326 460 1368 suae
485 1307 705 1387 liberorumque
729 1316 903 1369 moreretur.

135 1395 206 1467 Quis
235 1414 295 1456 non
319 1404 472 1475 peractum
496 1415 561 1457 esse
585 1416 653 1458 cum
675 1397 815 1476 Pompeio
839 1394 997 1457 crederet?
1034 1406 1075 1458 at·
1095 1409 1129 1458 53

62 1488 142 1565 quin
169 1487 267 1546 acrius
294 1484 386 1545 multo
414 1492 501 1564 atque
529 1486 733 1546 vehementius
756 1485 919 1546 Thessalici
943 1487 1075 1546 incendii

19 1576 192 1655 1111111111,
222 1573 417 1634 recaluerunt.
478 1581 508 1634 et
543 1576 575 1634 in
611 1575 740 1654 Aegypto
778 1574 898 1653 quidem
935 1575 1076 1636 adversus
1095 1585 1130 1635 14

63 1662 225 1725 Caesarem
249 1664 313 1722 sine
336 1661 470 1742 partibus
494 1662 612 1724 bellum.
659 1666 767 1742 quippe
792 1681 859 1724 cnm
881 1663 1076 1744 Ptolomaeus,
1096 1676 1129 1724 55

62 1770 120 1812 rex
140 1750 343 1833 Alexandriae,
366 1769 514 1811 summum
538 1752 632 1813 ciuilis
655 1752 726 1813 belli
747 1752 844 1812 scelus
863 1755 1028 1830 peregisset
1047 1761 1077 1813 et

64 1840 174 1901 foedus
202 1841 347 1900 amicitiae
376 1858 443 1899 cum
467 1839 590 1902 Caesare
618 1842 716 1901 medio
739 1841 861 1921 Pompei
888 1844 984 1920 capite
1010 1860 1076 1901 san-

62 1931 171 2009 xisset,
193 1927 338 1989 ultionem
361 1927 519 1989 clarissimi
536 1933 593 1989 viri
613 1930 753 1990 manibus
768 1937 928 2009 quaerente
947 1929 1076 1990 Fortuna

19 2032 46 2073 ro
61 2035 156 2078 causa
186 2035 247 2077 non
279 2017 379 2078 deluit.
426 2016 592 2098 Cleopatra,
624 2021 704 2096 regis
737 2037 833 2099 soror,
870 2019 972 2079 adfusa
1005 2018 1075 2079 Cae·
1095 2032 1129 2079 11

62 2107 144 2166 saris
175 2104 299 2184 genibus
330 2113 445 2184 partem
478 2109 564 2184 regni
595 2106 778 2185 reposcebat.
833 2107 934 2167 aderat
960 2107 1074 2186 puellae

138 2261 154 2310 1
177 2256 255 2312 nocis
272 2259 301 2312 Β
325 2260 329 2326 Ι
354 2257 527 2326 obequitatis
547 2259 574 2311 B
598 2257 790 2326 obequitantis
814 2261 947 2328 (usupra
969 2277 1075 2314 uersum

57 2349 98 2386 m.
112 2335 141 2396 1,
155 2331 330 2398 posteriorem
347 2328 359 2382 i
375 2332 407 2383 iu
420 2345 435 2382 1
450 2331 567 2384 mutauit
580 2347 613 2383 m.
628 2331 658 2398 2)
673 2330 707 2382 N
720 2332 723 2398 Ι
739 2332 854 2399 excepte
873 2329 920 2397 011
938 2335 954 2381 2
973 2328 1076 2383 faciem

59 2401 132 2471 (iem
151 2405 297 2454 correctum
314 2405 379 2455 m.1
399 2417 433 2454 eac
451 2402 487 2468 et,
505 2406 538 2454 ut
554 2402 671 2469 uidetur)
685 2401 713 2454 Β
729 2402 733 2469 Ι
748 2400 810 2454 fieri
823 2401 849 2454 L
862 2402 901 2469 113
920 2399 1075 2453 iatatonem

58 2474 93 2529 B
110 2469 295 2525 iactationem
313 2472 406 2540 (prior
423 2470 435 2524 i
451 2473 483 2525 iu
501 2488 554 2526 ras.
575 2478 593 2526 2
612 2472 668 2538 fere
688 2473 938 2537 liberaremur,
954 2473 1075 2539 priorem

58 2561 76 2599 e
98 2545 132 2597 im
150 2558 169 2594 u
180 2548 245 2596 mut.
260 2559 294 2596 m.
306 2544 332 2610 1)
347 2542 381 2596 N
393 2542 397 2610 Ι
414 2541 539 2611 obposita
553 2543 612 2596 BL
628 2545 631 2610 l
648 2544 729 2611 parte
743 2543 769 2595 L
785 2544 788 2612 1
806 2544 968 2610 sequeretur
982 2544 1076 2611 (prior

56 2612 1009 2754 111111111111111111111111111
1033 2614 1075 2738 etl

55 2759 121 2812 bon
130 2755 159 2809 L
174 2756 178 2823 Ι
194 2753 416 2823 applicarentur·
426 2756 455 2808 11
469 2758 653 2825 (interpunxit
666 2773 700 2809 m.
711 2761 727 2809 1
734 2758 839 2825 postea)
848 2756 877 2809 Β
887 2754 1075 2825 applicaretur

55 2826 164 2901 pulsus
180 2823 211 2880 O:
230 2827 337 2880 correxi
355 2824 545 2894 applicaretur
562 2827 595 2879 ut
609 2826 739 2880 Halmius
753 2831 761 2892 ΙΙ
776 2833 792 2880 8
806 2825 914 2881 hedris:
930 2844 998 2882 corr.
1014 2827 1074 2882 Sai-

53 2899 169 2956 mueius
178 2895 309 2966 (Syedris,
323 2899 368 2951 sed
380 2915 403 2951 c.
415 2896 521 2951 Inuum
533 2897 612 2950 VIII
617 2899 684 2966 259)
698 2899 707 2967 11
722 2904 737 2950 9
749 2899 898 2967 aegyptum
910 2898 937 2951 Β
948 2897 1075 2966 egiptum

54 2971 88 3026 L
104 2972 110 3040 Ι
126 2968 160 3022 in
169 2974 232 3037 post
246 2967 366 3035 denique
375 2969 438 3022 add.
452 2968 493 3037 Ol
509 2973 539 3020 11
552 2968 662 3020 deesset
671 2968 802 3022 Halmius
817 2973 821 3036 Ι
838 2966 962 3036 septimii
973 2970 1001 3021 Β
1014 2970 1024 3036 li
1039 2974 1072 3020 12

53 3037 170 3098 occulis
188 3040 215 3094 L
233 3041 242 3108 ΙΙ
261 3044 294 3092 13
312 3037 419 3092 bellum
432 3046 496 3107 post
514 3039 639 3092 crederet
658 3040 720 3093 cdd.
739 3039 785 3107 Ol}
805 3044 839 3091 14
857 3037 957 3106 atquin
976 3040 998 3106 (t
1016 3056 1074 3093 cor-

52 3119 137 3172 recta
161 3117 233 3166 m2
258 3126 291 3164 car
308 3109 337 3192 d)
356 3110 389 3162 N
410 3111 414 3178 Ι
437 3108 629 3162 uehementius
649 3109 677 3178 (h
695 3127 781 3179 supra
798 3127 904 3165 uersum
921 3127 954 3163 11.
974 3111 1001 3178 1)
1020 3110 1048 3161 Β
1068 3109 1072 3180 Ι

51 3186 93 3240 ut
106 3187 175 3254 posi
191 3180 336 3236 thessalio
354 3196 461 3234 erasum
479 3182 507 3235 Β
525 3185 533 3246 li
553 3184 585 3232 16
604 3180 800 3234 recalauerunt
818 3181 844 3234 L
860 3182 864 3249 Ι
880 3178 1006 3249 inegipto
1020 3180 1047 3232 L
1065 3181 1074 3246 11

52 3262 94 3312 16
112 3251 274 3324 ptolemeus
294 3252 327 3305 N
342 3250 480 3305 tolomeus
499 3251 526 3303 L
540 3256 548 3318 ΙΙ
563 3256 595 3304 11
615 3253 644 3305 11
662 3251 787 3321 phoedus
806 3252 833 3305 Β
851 3251 1005 3318 foedusque
1025 3250 1074 3322 Ol

52 3332 93 3383 18
109 3323 258 3380 amicitiae
276 3323 302 3392 (c
315 3329 433 3377 correcta
447 3341 480 3376 m.
498 3329 511 3375 1
527 3339 561 3376 eac
573 3323 596 3392 t)
610 3323 638 3376 Β
651 3326 660 3390 ΙΙ
675 3330 707 3378 19
718 3322 854 3376 ultionem
868 3320 1073 3390 quaemanibus

50 3396 185 3470 (virgula
207 3392 463 3463 11111)111111111111
482 3392 536 3445 uiri
555 3393 683 3448 omnibus
702 3392 1073 3464 111111111111111111Β11

49 3475 93 3526 20
118 3463 211 3522 effusa
233 3465 261 3518 L
282 3465 292 3534 ΙΙ
315 3468 347 3517 21
370 3463 536 3532 reposcebat
559 3466 649 3534 (repos
672 3467 704 3519 iu
725 3482 825 3520 rueme
847 3482 893 3520 seu
912 3464 1074 3533 litterarum,

50 3555 181 3616 quaeriue
196 3538 291 3606 primu
308 3541 367 3590 erut
384 3537 413 3604 p)
432 3537 460 3588 Β
477 3535 612 3604 poscebat
630 3536 657 3587 L

810 3623 859 3676 10*
