2386 3922
128 173 219 229 XXVI
444 175 643 227 PRAEFATIO
661 174 832 227 EDI'I'ORIS

39 401 42 407 .
128 361 199 402 cum
220 341 354 402 Antonio
378 344 409 401 et
432 339 594 419 Cleopatra
617 333 738 424 (1121)
761 341 911 418 rebusque
939 341 976 400 ab
1000 339 1142 418 Angusto

129 431 224 510 gestis
248 431 278 508 (Ι
298 421 443 513 22-27)
462 431 501 490 ad
518 432 650 507 priorem
667 431 782 491 fontem
799 430 920 490 rediret.
957 448 1143 507 quemquam

127 523 233 580 autem
251 520 384 580 codicem
402 519 541 580 adhibuit
558 520 635 580 libro
653 519 679 578 B
698 521 795 580 multo
813 519 1021 596 vetustiorem,
1040 521 1142 578 tamen

127 609 261 686 plurima
283 609 359 670 vitia
382 628 452 668 cum
474 627 509 668 oo
533 609 704 668 eommunia
725 609 825 686 habet,
853 625 953 686 panca
973 602 1142 688 meliora¹)‚

127 698 203 758 satis
235 699 334 767 multa
365 717 443 775 qnae
476 700 530 757 aut
556 717 616 757 non
643 698 835 758 intellexerat
867 700 922 756 aut
951 696 1011 773 ipsi
1042 697 1142 756 minus

126 787 289 864 placebant
321 786 448 846 licenter
477 787 649 846 immutata.
694 787 798 864 itaque
825 785 879 845 ubi
906 785 1052 844 habemus
1079 785 1143 845 Ior-

128 877 237 935 danem
264 875 375 935 codicis
401 876 500 934 instar
527 879 585 953 est,
614 876 667 935 sed
695 876 787 952 paulo
810 875 932 934 cantius
954 874 1143 934 adhibendus

126 984 222 1042 quam
252 964 331 1024 liber
361 964 400 1023 ab
432 964 553 1024 indocto
586 964 710 1024 librario
741 963 873 1024 fideliter
904 982 940 1022 ex
977 963 1143 1040 archetypo

126 1071 294 1131 expressus.
341 1071 409 1112 cum
437 1071 508 1113 vero
532 1053 657 1112 Iahnius
685 1053 781 1113 altero
804 1052 941 1113 Iordanis
965 1051 1066 1111 codice
1091 1071 1143 1129 op·

128 1143 203 1202 timo
235 1141 501 1219 Heidelbergensi‚
538 1142 634 1201 altero
667 1142 861 1220 gravissimas
892 1141 1144 1217 interpolationes

126 1249 216 1309 passo
245 1230 432 1308 Pollingensi
463 1249 537 1290 usus
570 1233 661 1306 esset,
692 1231 725 1290 in
756 1231 813 1290 hac
845 1230 977 1290 editione
1005 1229 1143 1290 Iordanis

126 1320 295 1397 exemplari
317 1319 365 1379 uti
387 1319 475 1378 licuit
499 1319 589 1379 a'l'h.
609 1320 803 1396 Mommseno,
827 1319 891 1380 viro
911 1318 1087 1397 clarissimo,
1111 1320 1143 1378 in

129 1404 344 1469 ‘monumentis
355 1406 532 1468 Germaniae
547 1403 711 1468 historicis'
726 1400 855 1490 (auctor.
866 1407 1022 1484 antiquiss.
1034 1410 1106 1467 tom.
1115 1407 1144 1466 V

127 1517 199 1574 pars
221 1489 251 1579 Ι)
275 1498 433 1575 evulgato,
462 1497 515 1574 qui
543 1516 621 1574 quae
648 1498 846 1574 praefationis
873 1518 902 1573 p.
926 1496 1029 1555 XXIII
1039 1514 1083 1573 sq.
1107 1497 1144 1556 de

127 1587 246 1646 ratione
278 1586 448 1662 disputavit
479 1604 540 1663 qua
566 1586 674 1646 Florus
706 1586 860 1646 adhibitus
892 1585 934 1644 sit'
965 1584 1144 1662 dignissima

128 1677 212 1734 lectu
235 1678 316 1734 sunt.
362 1694 456 1750 quare
481 1674 563 1734 haud
584 1694 684 1752 pauca
706 1676 796 1734 aliter
818 1678 850 1734 et
871 1674 974 1734 verius
997 1674 1028 1732 in
1051 1674 1144 1734 huius

128 1763 269 1823 editionis
301 1763 488 1822 Iordanianis
527 1764 685 1839 scripturis
718 1763 852 1823 indicata
882 1762 1017 1824 invenies
1051 1782 1144 1839 quam

129 1852 211 1928 apud
233 1852 383 1911 Iahnium.
429 1855 563 1912 ceterum
590 1853 635 1912 ita
657 1852 793 1912 Iordanis
819 1853 964 1912 lectiones
992 1852 1024 1910 in
1053 1853 1145 1912 adno·

128 1941 245 2001 tatione
277 1941 382 2000 critica
414 1941 536 2001 enotavi
563 1944 598 2001 ut
626 1960 687 2000 non
714 1941 881 2000 orationem
909 1959 927 1999 a
953 1941 1141 2003 Mommseno

128 2031 320 2089 emendatam
352 2048 500 2106 sequerer,
532 2030 586 2089 sed
617 2033 653 2089 ut
683 2031 793 2090 menda
823 2049 900 2107 qnae
928 2031 960 2088 in
990 2031 1144 2090 communi

128 2119 211 2178 fonte
234 2118 380 2178 librorum
402 2118 440 2178 ab
464 2137 499 2178 eo
518 2118 698 2179 collatorum
715 2120 808 2178 fnisse
827 2118 1018 2196 intellegitur
1037 2138 1141 2196 qnam-

128 2207 175 2268 vis
198 2208 314 2267 dudum
336 2208 496 2267 emendata
518 2226 789 2268 commemorarem.
827 2227 905 2285 qnae
929 2226 996 2266 cum
1021 2209 1143 2285 etipsa

128 2297 204 2356 inB
227 2297 426 2376 reperiantur,
448 2299 505 2357 hoc
528 2315 676 2356 consensu
695 2297 927 2374 Bambergsnsis
951 2299 981 2356 et
1003 2296 1142 2358 Iordanis

127 2555 225 2609 codice
244 2553 274 2607 B.
296 2587 328 2594 -
348 2556 472 2608 ceterum
490 2552 590 2607 missos
609 2554 701 2608 facere
719 2553 787 2608 licet
805 2554 835 2608 in
853 2554 929 2608 Flon'
949 2553 1014 2607 crisi
1036 2554 1143 2624 expila-

127 2629 221 2680 torum
240 2624 409 2694 expilatores
428 2622 506 2678 velut
524 2624 643 2678 Paulum
662 2627 691 2678 et
708 2624 869 2679 Freculfum
892 2625 941 2693 qui
960 2625 1078 2680 Iordane
1098 2624 1143 2680 usi

127 2699 195 2750 sunt
219 2698 248 2750 et
270 2696 307 2749 ad
333 2695 393 2749 eius
412 2694 499 2748 verba
517 2695 715 2750 constituenda
733 2696 864 2766 religiose
883 2713 901 2750 a
919 2697 1093 2750 Mommseno
1111 2696 1142 2750 in

127 2785 210 2820 usum
233 2766 335 2820 vocati.
372 2768 518 2835 praeterea
541 2765 608 2820 Otto
627 2766 813 2837 Frisingensis
832 2767 1001 2836 Ragewinus
1020 2767 1140 2822 Ioannes

128 2839 164 2892 de
191 2837 391 2891 Monasten'olo
423 2837 541 2890 Ioannes
571 2837 789 2893 Saresben'ensis
822 2838 967 2892 Iannotius
995 2838 1139 2893 Manettus

128 2908 179 2962 alii
197 2908 284 2962 medii
307 2907 371 2961 aevi
394 2907 543 2990 scriptores
566 2927 658 2978 pauca
680 2911 820 2978 quaedam
838 2909 914 2963 Flori
932 2910 1020 2963 verba
1038 2927 1143 2965 memo-

128 2982 201 3047 rant,
221 2979 271 3032 sed
288 2978 332 3033 ita
349 2981 382 3032 ut
399 2979 472 3032 111111
489 2981 645 3104 praebeant
663 2982 738 3049 quod
756 2999 813 3035 non
832 2983 861 3034 et
878 2981 972 3050 ipsum
989 2980 1019 3034 in
1038 2982 1142 3036 nostris

128 3049 273 3104 codicibus
287 3049 364 3106 insit.
393 3067 426 3105 ac
439 3067 475 3104 ne
510 3050 556 3104 inc
570 3051 684 3119 quidem
698 3053 774 3120 quod
787 3053 905 3106 Ioannes
921 3052 1141 3108 saresberiensis

127 3120 264 3192 polycrat.
283 3121 323 3175 111
342 3128 358 3175 9
377 3125 413 3192 (p.
428 3128 480 3176 491
505 3123 547 3177 ed.
568 3122 673 3192 Migne)
696 3123 726 3176 in
754 3123 789 3176 iis
813 3140 886 3192 qnae
910 3140 944 3177 ex
966 3123 1043 3177 Flori
1066 3124 1141 3179 bello

127 3191 234 3247 Punico
254 3193 375 3247 secundo
395 3193 477 3248 affert
499 3193 570 3247 duas
595 3193 730 3248 lectiones
749 3211 813 3248 cum
832 3195 857 3247 A
875 3211 1035 3249 communes
1053 3195 1142 3250 habet

128 3263 294 3319 concludere
312 3264 380 3318 licet
398 3281 462 3319 eum
479 3264 563 3318 huius
581 3265 751 3320 recensionis
772 3266 867 3320 codice
886 3283 968 3319 usum
993 3282 1061 3320 esse.
1089 3266 1142 3321 -ita

129 3335 204 3388 enim
221 3335 276 3389 hae
291 3339 469 3405 comparatae
485 3338 550 3389 sunt
564 3339 600 3404 (p.
616 3342 659 3403 54,
674 3342 708 3390 20
722 3339 754 3391 io
768 3345 884 3392 torrente
905 3339 1033 3408 Verqello,
1049 3343 1092 3407 58,
1107 3343 1140 3392 21

127 3409 252 3477 colom.)
275 3410 308 3461 ut
330 3407 422 3475 quivis
445 3407 621 3474 maximeque
644 3407 763 3461 Ioannes
787 3408 836 3475 qui
859 3423 1013 3477 propensus
1037 3411 1082 3464 est
1104 3408 1142 3464 ad

127 3478 299 3532 mutationes
319 3478 348 3531 in
367 3480 420 3532 eas'
434 3477 557 3530 incidere
575 3478 707 3546 potnerit.

202 3553 227 3618 1)
246 3568 271 3603 v.
292 3568 318 3618 p.
335 3555 376 3616 ra,
393 3555 421 3616 53
442 3554 483 3616 15,
499 3554 545 3617 203
566 3555 608 3618 ao,
623 3555 652 3618 43
671 3556 715 3620 45,
731 3556 755 3604 c.
