2386 3922
77 111 170 167 XVIII
391 113 594 166 PRAEFATIO
611 114 782 166 EDITORIS

78 281 179 342 sicubi
203 300 307 341 eorum
326 281 503 341 collationes
521 299 539 340 a
558 298 625 340 msa
643 279 813 358 discrepare
831 280 993 355 inveneris,
1017 282 1097 360 quod

76 373 109 432 in
132 370 218 430 libris
241 370 406 430 identidem
428 369 573 446 inspectis
595 388 627 429 re
650 388 723 430 vera
747 372 849 429 extare
872 369 1010 431 videram
1028 371 1097 431 ida

78 480 127 521 me
151 459 286 538 posItum
310 478 373 518 esse
397 458 454 518 tibi
477 457 666 535 persuadeto.

143 550 291 608 Attamen
312 567 372 607 non
395 547 507 607 licebat
529 549 650 625 praeter
671 548 701 606 N
724 550 755 606 et
777 548 802 607 L
826 550 940 608 ceteros
959 547 1095 609 eiusdem

75 639 211 701 familiae
239 637 355 697 codices
383 637 509 696 abicere.
551 637 728 713 intorques
755 641 855 697 aetate
885 636 1022 699 eminent
1045 638 1089 697 hi:

0 741 65 782 alar.
145 727 340 787 Palatinus
368 725 631 803 Heidelbergensis
662 728 747 786 1568
776 716 913 806 (Palat)
939 725 974 785 in
1003 744 1086 787 mam·

77 817 181 877 branis
200 818 316 877 formae
336 815 508 876 octavariae
522 815 650 892 singulis
664 815 813 875 columnis
827 815 949 875 saeculo
964 815 1091 893 scriptus

78 910 125 967 est
148 905 316 966 undecimo.
362 905 442 963 inter
462 903 607 982 Solinum,
631 904 717 964 cuius
735 923 845 983 magna
864 907 910 964 est
929 904 1015 980 apud
1031 903 1093 965 aius

77 995 208 1055 editores
243 994 418 1070 auctoritas,
451 995 483 1052 et
509 993 599 1052 Dicto
625 994 714 1067 parali
745 995 835 1053 orosii
865 995 901 1053 de
927 995 989 1053 situ
1018 994 1096 1054 orbis

76 1085 158 1144 foliis
183 1087 224 1145 83
256 1102 353 1161 usquc
381 1082 420 1141 ad
452 1084 515 1142 145
539 1101 581 1143 vs.
605 1082 730 1142 Florum
752 1083 852 1142 habet.
905 1082 1037 1142 maxime
1060 1101 1097 1142 ea

77 1193 110 1232 re
135 1173 363 1235 commendatur
390 1172 472 1249 quod
499 1173 659 1250 prologum
686 1171 773 1230 illum
802 1172 935 1233 servavit
962 1169 1002 1230 ab
1026 1170 1097 1231 Elia

76 1262 189 1322 Vineto
214 1282 250 1322 ex
272 1261 349 1321 libro
373 1260 585 1338 Burdigalensi
607 1263 795 1336 protractum
804 1253 838 1341 ¹).
874 1260 1009 1320 named
1033 1261 1094 1338 epi·

77 1355 193 1412 tomam
220 1351 319 1427 ipsam
346 1350 559 1409 recensendam
586 1349 638 1410 vix
666 1349 830 1426 quicquam
857 1350 987 1425 confert,
1027 1367 1096 1410 cum

77 1441 210 1518 plurima
234 1460 303 1498 cum
325 1440 350 1498 L
374 1439 544 1499 communia
566 1439 680 1498 habeat
707 1441 739 1498 et
762 1439 835 1498 alibi
863 1441 902 1498 ad
929 1438 1095 1499 deteriores

81 1531 248 1608 scripturas
271 1528 402 1588 Parisini
426 1530 510 1588 5802
536 1530 567 1587 et
584 1527 771 1587 Monacensis
793 1530 909 1606 vergat.

144 1617 342 1677 Beruensis
369 1619 448 1692 249,
476 1617 547 1676 olim
574 1621 739 1692 mortprmn
764 1618 991 1677 marcclh'oid
1014 1618 1097 1692 petri

76 1709 226 1781 florentino
240 1736 247 1749 ·
263 1711 289 1765 et
304 1707 421 1781 hylarii,
439 1706 693 1783 membranaceus,
715 1706 829 1766 formae
847 1705 1005 1783 maximae,
1031 1724 1095 1767 sae·

77 1797 139 1855 culi
158 1795 317 1873 undecimi,
336 1797 372 1854 ut
390 1795 465 1853 mihi
482 1795 580 1854 visum
595 1797 650 1867 est,
669 1795 813 1854 exeuntis.
832 1798 954 1871 praeter
967 1795 1094 1855 Florum

78 1881 144 1965 (fol.
163 1876 286 1966 1—39)
301 1902 343 1945 vs.
363 1888 478 1959 septem
492 1883 571 1942 Livii
585 1883 731 1943 librorum
744 1884 900 1959 periochas
914 1875 982 1965 (fol.
998 1886 1041 1945 39
1051 1903 1094 1946 vs

77 1965 236 2055 —42vs.)
269 1973 403 2033 continet
435 1972 541 2031 iisdem
573 1972 673 2033 verbis
704 1977 796 2050 atque
827 1974 859 2032 in
890 1973 929 2051 L,
963 1992 1095 2051 quocum

78 2063 172 2123 etiam
190 2063 222 2120 in
242 2062 375 2139 epitoma
394 2059 545 2120 artissimo
565 2060 754 2139 cognationis
772 2063 894 2122 vinculo
914 2063 1094 2122 coniunctus

79 2155 133 2231 est,
152 2148 256 2211 finitas
274 2144 407 2233 (patriae
424 2152 549 2210 resteterit
566 2154 636 2210 soret
651 2171 680 2226 p.
698 2153 747 2228 14,
768 2153 786 2211 3
807 2151 852 2211 ed.
865 2144 964 2232 Iahn).
988 2152 1093 2227 itaque

76 2242 153 2300 nihil
186 2261 222 2300 ex
254 2260 289 2300 eo
317 2240 416 2301 attuli.
463 2245 532 2317 post
558 2241 669 2312 1120,
697 2241 715 2300 3
750 2233 842 2318 (daos
873 2241 998 2314 leemas
1029 2258 1094 2314 ope·

75 2323 212 2412 romum)
244 2330 334 2390 unius
366 2329 496 2407 paginae
523 2330 620 2389 maior
646 2348 716 2405 pars
745 2333 776 2389 et
803 2329 957 2407 integrum
985 2330 1092 2390 folium

78 2439 177 2482 vacua
200 2423 280 2497 sunt,
303 2420 356 2479 sed
378 2419 455 2477 nihil
479 2420 622 2478 omissum
645 2421 699 2478 est.

0 2521 64 2562 aaa
147 2509 371 2567 Harleianus
401 2509 487 2566 2620
515 2499 652 2589 (Heri),
685 2510 775 2567 antea
802 2504 952 2578 (insanus,
980 2507 1035 2585 qui
1062 2508 1092 2567 in

77 2597 216 2673 catalogo
248 2597 367 2654 saeculo
391 2595 506 2654 decimo
529 2589 719 2677 tribuitur²)‚
749 2614 767 2654 a
791 2596 973 2656 Baehrensio
997 2597 1090 2656 unde·

78 2685 155 2745 oimo
170 2686 219 2745 vel
234 2676 453 2762 duodecim03),
471 2685 546 2743 mihi
565 2686 680 2745 saeculi
697 2685 805 2744 decimi
823 2685 907 2744 tertii
926 2703 989 2744 asae
1008 2686 1092 2748 visus

77 2777 131 2832 est.
155 2773 344 2834 membranae
363 2774 427 2833 eius
446 2774 560 2833 formae
580 2774 788 2852 quadrantalis
807 2776 879 2833 sunt
902 2777 933 2832 et
950 2773 1091 2834 binarum

76 2863 292 2922 columnarum.
320 2866 441 2939 praeter
453 2864 578 2924 Florum
598 2858 662 2943 (fol.
681 2865 786 2922 1-42
802 2855 862 2944 va.)
882 2864 997 2939 septam
1012 2863 1091 2926 Livii

76 2952 233 3029 periochas
263 2944 328 3031 (fol.
352 2955 491 3012 43-46
508 2946 565 3032 vs.)
594 2953 740 3026 continet,
775 2952 827 3010 sed
854 2971 872 3011 a
898 2950 1092 3031 Baehrensio,

77 3041 130 3119 qui
151 3041 333 3118 paucissima
353 3061 388 3100 ex
407 3061 441 3100 eo
462 3045 658 3119 excerpserat,
681 3043 762 3100 iusto
781 3041 877 3116 pluris
900 3041 1092 3103 existimatus

78 3132 131 3190 est.
169 3131 272 3207 itaque
295 3149 364 3190 raro
388 3131 550 3190 admodum
575 3150 644 3189 eum
667 3131 839 3191 memoravi.
872 3129 933 3189 alia
956 3129 1092 3192 invenies

149 3284 174 3350 1)
193 3282 227 3338 cf.
247 3282 321 3336 infra
338 3301 365 3352 p.
380 3282 502 3336 XXVHI.

148 3355 174 3421 2)
193 3357 291 3407 notum
310 3357 353 3408 est
370 3353 505 3423 plurimos
524 3353 611 3409 libros
629 3351 796 3408 Harleianos
814 3351 845 3407 in
864 3351 995 3423 catalogo
1014 3353 1092 3426 typis

77 3439 206 3492 expresso
226 3426 393 3479 vetustiores
412 3425 555 3494 perhiberi
574 3442 658 3493 quam
677 3441 706 3479 re
725 3441 792 3478 vera
811 3423 875 3479 sint.

148 3497 175 3563 3)
194 3512 219 3549 v.
239 3495 316 3549 Beck
337 3495 558 3551 ‘observationes
578 3497 615 3550 ad
632 3495 709 3550 Flori
728 3495 891 3565 epitomam’
912 3513 938 3564 p.
957 3500 981 3550 9.
