2386 3922
401 162 602 213 PRAEFATIO
622 162 791 213 EDITORIS
1053 161 1104 214 XV

84 329 236 390 Graevius
263 329 404 388 Duherus
434 328 598 388 Seebodius
626 329 766 389 meliores
797 328 1018 407 adhibuissent,
1050 331 1103 389 sed

87 419 161 478 satis
184 418 382 496 neglegenter
403 436 502 494 neque
525 420 659 476 aetatem
677 437 781 476 eorum
799 418 991 493 indicassent,
1017 418 1101 477 Aem.

90 506 298 584 Baehrensins,
322 526 413 584 quem
436 507 490 583 qui
512 507 550 567 ob
573 507 692 566 futtiles
715 507 903 566 coniecturas
927 507 1104 583 vituperant

92 615 177 672 saepe
201 615 326 655 numero
350 594 571 655 obliviscuntur
593 596 755 671 protractis
779 595 931 655 codicibus
955 597 1008 673 qui
1034 597 1104 655 diu-

91 689 179 744 tmno
204 684 267 742 situ
290 685 402 760 sepulti
425 685 581 743 iacuerunt
604 685 640 743 de
664 684 860 760 scriptoribus
883 685 1001 744 Latinis
1028 686 1103 745 bene

87 774 243 849 meruisse,
266 767 374 831 ‘musei
388 767 536 831 Rhenani'
555 773 613 833 vol.
628 773 711 831 XXX
726 767 842 853 (1875)
856 794 886 850 p.
902 776 963 834 629
984 778 1105 850 praeter

89 861 292 921 Nazarianum
324 862 401 920 alios
433 861 566 921 eiusdem
600 861 733 920 familiae
762 880 853 938 quam
883 864 1104 923 vetustissimos

89 950 228 1010 adhiberi
250 951 316 1008 iure
335 939 507 1028 'meritoque
530 950 628 1011 iussit.
671 950 758 1010 cuius
776 950 884 1009 moniti
903 970 1017 1010 memor
1035 971 1105 1010 cum

89 1059 147 1117 ego
182 1039 313 1098 Senecae
345 1039 516 1115 philosophi
548 1041 579 1098 et
610 1039 902 1116 mythographorum
929 1039 1106 1099 Latinorum

89 1147 184 1187 causa
212 1127 411 1187 bibliothecas
438 1128 665 1206 perlustrarem,
693 1127 806 1205 ubique
834 1127 927 1187 etiam
951 1128 1104 1188 1111111·

90 1217 174 1276 dices
195 1217 320 1293 inspexi.
359 1217 441 1274 inter
463 1235 537 1292 quos
561 1235 745 1293 quamquam
767 1217 887 1274 nullum
908 1216 1012 1276 inveni
1037 1235 1106 1275 cum

89 1305 309 1382 Bambergensi
336 1307 500 1383 cognatum
528 1324 691 1382 eorumque
724 1306 777 1382 qui
804 1306 972 1365 Nazariano
1000 1305 1106 1364 affines

91 1397 192 1454 essent
220 1395 350 1453 maxima
376 1413 446 1469 pars
475 1394 513 1453 ad
541 1396 697 1454 111111111
719 1394 869 1453 decimum
891 1397 1035 1471 quartum
1057 1396 1106 1455 vel

92 1484 235 1561 quintum
258 1483 445 1560 pertinebat,
468 1485 570 1541 tamen
592 1483 732 1543 nonnulli
755 1482 899 1542 extabant
922 1486 1022 1542 aetate
1046 1484 1106 1541 Na-

91 1573 214 1631 1111111
238 1572 392 1648 propiores
416 1591 514 1648 neque
536 1575 638 1630 tamen
661 1590 696 1630 11
720 1591 755 1631 eo
779 1572 929 1648 descripti.

161 1659 297 1729 Quorum
323 1661 547 1721 vetustissimus
576 1663 607 1719 et
634 1660 742 1719 ceteris
769 1661 988 1721 multominus
1014 1661 1106 1720 inter·

92 1749 301 1825 polationibus
333 1750 510 1826 inquinatus
543 1751 590 1808 est
620 1749 810 1808 Leidensis
841 1749 1043 1810 Vossianus
1076 1751 1107 1808 in

94 1840 152 1896 oct.
175 1840 215 1895 14
241 1828 307 1918 (L).
352 1839 481 1914 scriptus
510 1841 556 1896 est
582 1839 614 1896 in
643 1838 824 1897 membranis
854 1840 961 1898 crassis
984 1842 1015 1898 et
1039 1839 1107 1898 sub·
1122 1854 1141 1892 1.

94 1926 188 1985 fuscis
212 1926 326 1985 formae
350 1927 520 1988 octavariae
545 1919 796 2008 (0,21><0,15)
820 1928 933 1986 saeculi
957 1928 1109 1986 undecimi

93 2033 187 2074 manu
211 2015 286 2074 satis
310 2016 457 2093 eleganti,
486 2035 564 2092 quae
593 2016 724 2091 primum
748 2017 916 2075 atramento
939 2017 1108 2092 pallidiore,

93 2123 113 2163 1
144 2104 219 2163 folio
252 2122 324 2164 vero
353 2107 393 2164 25
426 2105 556 2164 fusciore
588 2123 645 2163 111
676 2108 731 2166 111.
777 2105 882 2163 eadem
910 2106 984 2164 satis
1011 2107 1109 2164 multa

92 2194 177 2251 inter
204 2192 394 2251 scribendum
417 2194 558 2268 correxit,
586 2193 648 2251 alia
671 2195 840 2252 atramento
867 2193 1013 2269 fusciore,
1040 2213 1109 2252 cum

92 2282 157 2340 iam
190 2281 323 2340 codicem
355 2281 393 2340 ad
425 2281 515 2339 finem
545 2280 742 2356 perduxisset.
788 2281 863 2340 folia
890 2285 962 2341 sunt
989 2287 1108 2357 septua-

93 2371 183 2448 ginta
202 2373 318 2445 septem
339 2370 506 2446 scripturae
530 2369 690 2429 continuae
714 2374 745 2429 et
767 2368 942 2429 vicenorum
960 2371 1109 2429 trinorum

93 2477 248 2519 versuum.
294 2459 504 2535 inscriptiones
536 2458 683 2518 librorum
716 2461 747 2518 et
778 2459 914 2535 capitum
941 2459 1033 2518 minio
1060 2460 1109 2519 vel

96 2547 166 2606 aliis
190 2547 341 2607 coloribus
358 2548 527 2626 pinguntur
544 2552 575 2608 et
592 2548 690 2625 prima
710 2567 846 2626 quaeque
865 2548 1000 2625 capitum
1017 2549 1110 2608 verba

95 2636 274 2695 maiusculis
305 2637 415 2696 litteris
454 2641 624 2697 exarantur.
671 2638 805 2699 continet
838 2641 960 2714 praeter
985 2639 1110 2698 Florum

99 2717 166 2803 (fol.
197 2718 328 2806 1—72)
362 2729 477 2802 septem
513 2727 625 2803 primas
657 2727 738 2788 Livii
769 2727 941 2805 periochas,
982 2747 1110 2805 quarum

98 2813 227 2872 ultimae
245 2815 412 2872 extremum
436 2816 628 2875 enuntiatum
652 2809 712 2895 (res
729 2821 885 2890 praetcrea
909 2848 947 2857 —
974 2809 1109 2895 11111111)

99 2902 244 2961 omissum
268 2905 321 2962 est.
359 2903 422 2981 egit
445 2903 481 2963 de
506 2924 539 2963 eo
564 2905 656 2963 etiam
674 2904 805 2963 Beckius
828 2905 859 2963 in
883 2900 1110 2966 ‘observationi-

99 2990 155 3049 bus
183 2991 296 3050 criticis
324 2995 355 3050 et
381 2993 640 3071 palaeographicis
668 2992 707 3051 ad
730 2992 813 3052 Flori
840 2985 1013 3069 epitomam'
1042 3012 1070 3066 p.
1092 2993 1110 3050 8

99 3081 131 3137 et
155 3079 227 3138 alibi
251 3084 283 3139 et
304 3080 336 3138 in
355 3075 668 3142 ‘commentationibus
688 3074 933 3140 Woelfflinianis'
953 3081 1110 3155 116211.

98 3170 258 3244 tantopere
287 3172 390 3228 autem
419 3169 456 3229 ab
478 3171 508 3229 N
535 3171 699 3247 discrepat,
729 3171 766 3228 ut
792 3170 877 3228 nullo
904 3167 992 3227 modo
1017 3186 1110 3227 1111

99 3256 221 3316 fluxisse
244 3259 349 3335 possit,
380 3258 432 3317 sed
454 3260 586 3334 pertinet
609 3261 648 3319 ad
670 3258 804 3317 eiusdem
827 3256 961 3315 familiae
985 3258 1112 3316 alteram

100 3344 239 3422 stirpem,
268 3366 304 3405 11
331 3348 417 3406 cuius
445 3347 547 3406 codiee
575 3350 606 3406 et
635 3347 727 3407 editio
755 3345 894 3422 princeps
922 3347 952 3404 et
976 3339 1112 3423 ‘vulgata

99 3429 262 3510 scriptura'
286 3435 423 3497 derivata
446 3438 499 3494 est.
527 3435 557 3494 id
581 3436 671 3515 quod,
695 3453 880 3513 quamquam
898 3434 1001 3494 eadem
1020 3439 1112 3513 atque

98 3523 152 3581 ille
180 3524 323 3584 foliorum
349 3524 596 3602 transpositione,
625 3526 660 3584 de
692 3542 752 3602 qua
774 3523 854 3582 infra
877 3523 1035 3584 dicendum
1058 3528 1116 3600 est,
