2400 3930
387 135 734 210 11‚1e.1e(11n‚e.e).
1003 139 1067 203 163
1151 129 1154 135 ’

55 303 182 384 perditis
207 304 287 362 enim
305 302 395 364 rebus
415 303 547 383 profugit
564 304 722 384 Asiamque
741 305 814 365 velis
833 307 908 385 petit
926 314 1069 367 venturus
1090 319 1106 368 8

55 392 97 452 tbi
128 394 162 452 in
194 409 299 452 manus
326 391 456 452 hostium
485 400 514 453 et
542 400 660 454 catenas
688 401 731 475 et,
763 393 841 473 quod
869 397 1071 456 miserrimum

57 489 102 542 est
130 479 259 541 fortibus
286 482 371 562 viris,
404 481 440 541 ad
468 482 598 542 hosfium
626 482 781 543 arbitrium
811 481 866 543 sub
893 502 1070 562 percussore

56 571 229 631 moriturus.
293 587 353 629 non
393 569 448 629 alia
489 577 557 649 post
592 571 712 631 Xerxen
753 571 950 632 miserabilior
993 572 1107 651 fugae

36 661 168 739 tqqupe
200 657 288 718 modo
315 664 516 719 trecentarum
545 662 757 739 quinquaginta
785 663 904 720 navium
932 661 1069 721 dominus

10 752 14 769 ²
56 766 124 810 cnm
152 765 205 808 sex
234 753 382 826 septemve
411 747 542 825 fugiebat
570 751 700 809 extincto
729 751 895 828 praetoriae
918 752 1002 810 navis
1025 749 1069 809 lu-

55 840 151 918 mine,
179 835 276 896 anulis
303 838 335 896 in
361 855 442 896 mare
472 836 609 920 abiectis,
639 856 749 916 pavens
777 844 864 916 atque
888 845 1071 919 respectans,

56 933 85 987 et
107 933 211 986 temen
234 941 293 985 non
315 927 425 985 timens
448 927 507 985 nisi
529 945 567 986 ne
590 928 711 1006 pertret.

145 1191 257 1252 XVIIII
289 1191 438 1250 BELLVM
461 1190 674 1253 PARTHICVM
697 1192 765 1253 SVB
788 1191 973 1253 VENTIDIO.

15 1347 41 1389 1⁰
123 1335 264 1406 Quamvis
282 1335 314 1393 in
333 1333 433 1394 Cassio
452 1340 482 1394 et
500 1334 591 1395 Bruto
610 1343 709 1413 partes
729 1335 907 1415 sustulisset,
930 1337 961 1394 ln
980 1334 1174 1417 Pom-1111,9

52 1427 123 1505 peio
148 1429 243 1484 totum
265 1414 394 1502 parlium
416 1441 525 1483 nomen
549 1423 734 1503 abolevisset,
756 1424 887 1484 nondum
910 1430 1009 1483 tamen
1028 1424 1064 1483 ad

51 1515 141 1593 pacis
159 1511 350 1572 stabilitatem
365 1512 532 1590 profecerat
550 1511 667 1591 Caesar,
686 1531 754 1572 cum
773 1511 912 1590 scopulus
927 1520 956 1572 et
970 1512 1065 1573 nodus

10 1668 12 1679 ¹
53 1610 85 1663 et
108 1618 195 1661 mora
216 1599 350 1679 publicae
375 1602 543 1660 securitatis
562 1608 732 1679 superesset
750 1601 903 1661 AntonIus.
941 1619 996 1661 nec
1015 1600 1100 1662 illes

54 1691 154 1752 deluit
179 1690 261 1749 vitiis
288 1691 361 1768 quin
386 1691 513 1770 periret,
542 1691 633 1749 immo
661 1692 759 1750 omma
787 1695 926 1769 expertus
954 1689 1066 1750 ambitu
1105 1731 1110 1742 ·

10 1788 41 1843 ἐϋ
54 1787 86 1841 et
117 1778 236 1839 luxuria
267 1779 397 1856 primum
423 1777 538 1858 hostes,
570 1778 676 1838 deinde
704 1781 798 1859 cives,
829 1779 949 1839 tandem
977 1781 1066 1838 etiam

55 1866 211 1929 saeculum
232 1872 348 1926 terrore
371 1865 513 1927 liberavit.

10 2004 12 2035 ;
123 1954 228 2016 Parthi
250 1954 331 2015 clade
351 1954 505 2032 Crassiana
528 1954 616 2015 altius
639 1957 752 2016 animos
776 1963 932 2016 erexerant
950 1955 1065 2016 civiles·
1085 1970 1102 2017 3

10 2042 12 2123 j
56 2064 115 2127 que
139 2043 243 2124 populi
265 2043 389 2104 Romani
412 2043 574 2103 discordias
597 2043 667 2103 laeti
690 2051 873 2122 acceperant.
909 2047 1009 2123 itaque
1033 2053 1066 2105 ut

10 2130 14 2175 t
54 2137 156 2215 prima
178 2131 298 2193 adfulsit
316 2134 440 2212 occasio,
459 2149 519 2192 non
538 2131 746 2192 dubitaverunt
765 2140 794 2192 et
812 2150 968 2210 erumpere
988 2133 1065 2193 ultro
1182 2184 1191 2203 ,

16 2224 44 2275 lv
56 2222 181 2303 quidem
199 2223 340 2281 invitante
355 2220 493 2300 Labieno,
514 2224 563 2298 qui
582 2222 691 2280 missus
711 2241 726 2281 a
741 2221 842 2281 Cassio
857 2220 1007 2298 Brutoque
1023 2255 1064 2263 —
1084 2234 1102 2282 4

56 2314 111 2391 qui
138 2311 223 2372 furor
251 2309 396 2370 scelerum
424 2343 466 2351 -
495 2309 702 2369 sollicitaverat
728 2310 829 2369 hostes
856 2311 887 2368 ln
915 2305 1080 2369 auxilium’

131 2521 147 2570 1
170 2514 340 2585 perdidisset
361 2508 393 2569 lo
412 2514 532 2595 perditis
556 2517 585 2569 et
605 2517 720 2570 mntooit
739 2515 773 2569 N
776 2514 786 2544 ²
805 2517 810 2582 1
834 2514 929 2584 progit
951 2517 980 2584 (g
998 2516 1030 2568 ie
1048 2514 1067 2567 d

55 2588 177 2644 mooli
194 2604 228 2642 m.
249 2588 276 2655 1)
296 2587 326 2638 N
348 2586 352 2658 Ι
378 2601 522 2654 senemque
545 2588 587 2655 (es
610 2589 642 2640 ire
663 2588 774 2654 rasura)
793 2585 821 2638 Β
845 2591 849 2654 Ι
873 2585 944 2639 uelli
963 2587 1035 2654 (1111
1054 2603 1067 2639 s

55 2659 179 2716 correxit
195 2675 230 2712 m.
247 2660 273 2727 1)
292 2658 551 2726 Β1111111111Β111
570 2655 700 2710 menibus
714 2657 742 2710 B
758 2663 761 2720 Ι
778 2656 911 2710 calbenos
926 2657 953 2711 L
966 2659 1004 2727 lle
1025 2659 1069 2710 est

56 2748 109 2787 om.
124 2728 154 2784 L
170 2731 258 2853 Epeos
274 2726 343 2781 uiris
361 2729 442 2783 verbo
460 2726 502 2781 ibi
520 2727 650 2781 inmenns
665 2726 832 2780 -fortibus
850 2726 919 2781 uiris
938 2730 998 2796 (om.
1015 2730 1069 2797 est)

55 2802 158 2873 repetit
211 2805 216 2870 1
232 2815 445 2869 supperouesore
459 2800 486 2853 B
501 2799 553 2852 sub
566 2797 775 2869 percussoribus
790 2799 817 2850 L
829 2800 838 2868 ll
853 2803 869 2850 4
884 2797 990 2853 Gueius
1005 2806 1069 2853 oete

54 2889 115 2929 nen
138 2871 203 2926 aad.
221 2871 250 2924 L
273 2874 278 2939 Ι
301 2885 401 2924 xersen
419 2871 446 2924 Β
468 2886 571 2924 xerxen
589 2873 612 2939 (s
631 2888 716 2940 supro
731 2872 906 2939 posteriorem
923 2872 951 2939 x)
969 2870 996 2921 L
1019 2872 1028 2939 ΙΙ
1051 2874 1068 2921 6

54 2940 225 3027 portitoriae
243 2941 272 2995 Β
288 2939 430 3010 praetorio
451 2942 473 2994 0
491 2944 496 3009 1
516 2940 598 2994 nauis
617 2959 666 2995 om.
686 2941 713 2995 L
730 2943 740 3011 ΙΙ
759 2947 774 2994 7
793 2941 912 3006 recitans
933 2941 958 2992 Β
976 2943 985 3008 ΙΙ
1004 2944 1021 2992 8
1040 2941 1070 2992 et

56 3030 117 3071 ram
138 3029 197 3068 non
214 3012 400 3067 Baehrenee'ne
424 3014 428 3080 Ι
452 3011 507 3065 nisi
530 3030 580 3067 om.
603 3012 626 3067 0
644 3014 653 3082 ΙΙ
677 3017 692 3064 9
711 3011 813 3066 XVIIII
832 3043 866 3050 -
885 3009 1019 3075 Quamuis
1038 3010 1069 3062 in

56 3102 106 3143 ees
125 3087 160 3140 e'n
179 3100 283 3139 rasura
300 3083 589 3208 B¹plrenrx1cuns
605 3083 639 3136 N
652 3097 808 3137 rnnmcvn
827 3083 853 3136 L
870 3084 880 3152 ll
900 3086 932 3135 10
950 3081 1069 3151 impom-

56 3157 124 3229 peio
142 3156 173 3210 Β
194 3156 208 3237 l
227 3161 258 3208 11
282 3169 353 3223 pere
369 3152 426 3206 'um
444 3154 471 3208 L
491 3157 495 3222 Ι
516 3154 658 3208 ebolesset
678 3154 702 3208 0
720 3156 729 3223 ΙΙ
753 3159 785 3206 12
806 3151 934 3222 scopolus
953 3154 980 3205 Β
1003 3154 1012 3222 ΙΙ
1036 3159 1070 3205 13

58 3226 224 3285 mendene
242 3223 279 3295 (ri
292 3242 378 3295 esqrrc
391 3242 497 3280 cereum
510 3243 543 3280 m.
560 3228 586 3295 1)
601 3226 635 3278 N
644 3226 653 3295 ll
669 3230 702 3278 14
716 3223 839 3278 embitus
853 3224 881 3277 Β
894 3226 904 3293 ΙΙ
918 3229 951 3277 16
965 3225 1071 3276 terrore

57 3297 206 3355 saeculnm
224 3298 253 3352 Β
273 3298 355 3350 terres
378 3295 521 3349 saeculnm
541 3296 573 3350 0:
597 3313 665 3351 corr.
686 3297 816 3350 Halmius
838 3297 942 3348 terrem
963 3295 992 3348 et
1010 3309 1071 3347 sae-

56 3370 157 3427 culum
182 3368 328 3437 Hauptios
352 3369 356 3437 l
380 3366 484 3420 libeuit
507 3368 532 3418 L
554 3369 564 3437 ll
578 3373 620 3421 ’17
644 3367 786 3421 clessiene
808 3366 836 3419 B
857 3368 867 3435 11
891 3370 923 3418 18
950 3364 1071 3434 populns

56 3456 194 3497 romanus
213 3440 242 3494 Β
266 3441 272 3507 Ι
295 3437 357 3509 regi
379 3445 442 3492 ante
460 3437 559 3506 ineque
577 3439 640 3492 odd.
660 3439 686 3490 B
712 3441 716 3507 Ι
740 3439 773 3490 nt
790 3454 876 3504 supro
893 3454 999 3492 cereum
1017 3437 1044 3490 Β
1062 3435 1073 3504 ll

16 3538 21 3547 ·
58 3520 93 3569 19
112 3509 224 3568 effulsit
236 3510 264 3564 L
279 3512 284 3580 l
301 3511 329 3563 el
347 3511 397 3564 del.
411 3527 452 3580 oq.
467 3511 477 3579 ΙΙ
495 3517 529 3563 20
543 3508 674 3577 brulique
688 3509 716 3563 Β
733 3511 743 3577 ΙΙ
758 3513 794 3584 21
814 3506 863 3576 qui
880 3507 953 3561 feros
973 3507 1000 3560 Β

810 3596 862 3651 11*
