2386 3922
441 184 468 254 Ι,
487 190 512 240 o.
532 190 548 239 o
567 187 703 255 (ιι-ιι).
1039 184 1080 249 21

91 368 137 429 Vl.
170 368 321 429 BELLVM
344 369 420 430 CVM
443 369 621 431 ETRVSCIS
644 369 810 430 FALISCIS
834 368 1054 429 VEIENTIBVS

452 475 705 537 FIDENATIBVS.

133 617 259 678 Adsidui
285 635 356 678 rero
386 625 416 678 et
443 620 640 678 anniversarii
666 619 767 678 hostes
795 618 831 678 ab
855 618 974 678 Etruria
997 618 1080 678 luere
1092 613 1133 676 12

72 706 219 787 Veientes3
252 706 325 766 adeo
356 714 391 766 ut
421 707 685 767 extraordinariam
713 725 831 767 manum
859 707 1001 766 adversus
1030 725 1081 767 eos

73 796 241 874 promiserit
258 796 465 874 privatumque
484 797 612 874 gesserit
630 794 741 855 bellum
755 814 827 873 gens
842 813 901 855 una
914 794 1082 855 Fabiorum.

75 885 140 943 satis
169 901 318 962 superque
346 883 453 944 idonea
479 883 586 944 clades.
633 886 713 944 caesi
736 891 806 962 aput
829 883 999 944 Cremeram
1022 891 1117 943 tre-2

76 973 160 1053 conti,
192 973 336 1050 patricius
364 974 528 1052 exercitum
560 972 704 1033 scelerato
734 974 831 1051 signat
858 974 977 1032 nomine
1006 991 1081 1051 quae

76 1060 294 1137 proficiscentes
325 1061 357 1121 in
386 1060 532 1139 proelium
561 1069 646 1139 porta
674 1061 796 1122 dimisit.
843 1061 895 1121 sed
924 1079 957 1120 ea
985 1060 1118 1121 cladoso

77 1148 240 1226 lugentibus
277 1151 393 1228 expiata
429 1151 578 1230 victoriis,
614 1157 771 1228 postquam
803 1168 857 1229 per
890 1149 963 1209 alios
997 1156 1084 1228 atque

78 1235 143 1296 alios
165 1236 373 1297 robustissima
394 1245 479 1316 capta
498 1245 568 1299 sunt
587 1239 703 1318 oppida,
726 1241 806 1299 vario
827 1239 947 1317 quidem
967 1245 1082 1298 eventu,

78 1323 177 1385 Falisci
200 1331 305 1404 sponte
330 1343 362 1386 se
385 1326 577 1407 dediderunt,
605 1335 752 1388 crematae
777 1346 830 1388 suo
854 1330 921 1406 igne
944 1326 1083 1406 Fidenae,
1102 1340 1118 1384 4

80 1412 178 1492 direpti
206 1413 341 1475 funditus
369 1414 518 1494 deletique
542 1415 689 1476 Veientes.
735 1415 843 1477 Falisci
871 1434 939 1476 cum
965 1415 1118 1475 obside-5

80 1508 181 1583 rentur,
204 1505 281 1562 mira
300 1509 345 1564 est
363 1505 427 1564 visa
445 1504 520 1564 fides
539 1506 736 1585 imperatoris,
759 1524 815 1565 nec
833 1507 982 1584 inmerito,
1006 1504 1084 1582 quod

82 1585 133 1650 ludi
150 1593 335 1673 magistrum,
358 1591 442 1653 urbis
461 1592 655 1673 proditorem,
674 1611 741 1653 cum
761 1594 808 1653 his
828 1612 902 1672 quos
921 1593 1084 1653 adduxerat

68 1682 171 1754 spueris
203 1682 336 1741 vinetum
368 1680 427 1742 sibi
458 1680 536 1742 ultro
570 1684 743 1742 remisisset.
790 1701 854 1742 earn
882 1700 1009 1760 namque
1038 1683 1117 1743 viro

87 1776 189 1829 tanctns
222 1776 252 1829 et
285 1771 404 1848 sapiens
435 1788 534 1830 veram
568 1770 680 1831 sciebat
712 1789 779 1830 osse
807 1772 975 1850 victoriam,
1007 1789 1082 1849 quae

88 1855 149 1917 salva
179 1856 237 1917 fide
271 1864 301 1917 et
331 1859 446 1936 integra
479 1858 621 1936 dignitate
649 1867 812 1938 pareretur.
858 1858 987 1919 Fidenae
1016 1861 1118 1937 quiat

88 1959 157 2019 pares
188 1963 249 2006 non
282 1953 367 2006 erant
398 1947 492 2027 lerro,
524 1947 560 2007 ad
590 1954 738 2008 terrorem
765 1948 943 2008 movendum
971 1947 1085 2007 lacibus

142 2134 190 2188 Il
210 2147 357 2190 arnostus
375 2135 418 2203 (so
436 2136 468 2189 iu
486 2151 587 2189 rasura
604 2152 638 2189 mv.
659 2137 686 2202 1)
705 2135 739 2188 N
760 2137 764 2202 Ι
789 2149 875 2189 rems
900 2136 1032 2206 (sptiabas
1054 2137 1085 2189 iu

88 2217 156 2259 mum
182 2207 294 2261 emtum
321 2207 467 2261 eouiurmit
494 2223 528 2260 m.
552 2208 579 2275 1)
607 2220 694 2259 ·nvm
709 2236 715 2247 ·
729 2220 769 2258 nr
785 2235 790 2246 ·
805 2219 961 2260 rmnuarn
989 2206 1024 2259 Ν
1046 2221 1085 2258 nr

87 2285 229 2330 mnsam
251 2291 291 2330 nr
310 2275 454 2331 moenere
472 2277 500 2330 L
524 2280 528 2343 Ι
553 2289 710 2330 rnnmsors
729 2278 756 2330 Β
779 2279 788 2344 [Ι
811 2281 826 2328 2
846 2288 1012 2329 rroeuarrs
1031 2276 1057 2328 B
1076 2277 1085 2345 p

88 2346 100 2395 t
112 2363 159 2415 pro
180 2345 303 2400 Adeidni
316 2378 352 2387 —
365 2346 494 2401 meminit
519 2350 557 2416 (p.
581 2353 632 2415 22,
656 2349 703 2417 12)
730 2348 752 2400 I
774 2348 866 2402 babet:
894 2344 960 2399 Pari
988 2347 1085 2399 tenore

86 2410 214 2486 Veientes,
247 2415 359 2472 Faleeoi
391 2419 420 2471 et
445 2417 596 2473 Fidenates
623 2420 691 2472 tunc
719 2433 823 2488 magno
849 2416 947 2471 labore
975 2415 1081 2470 deuicti

86 2489 143 2543 ms.
179 2487 229 2556 qni
251 2488 335 2542 modo
360 2489 389 2542 et
407 2488 562 2557 siluerint,
581 2506 637 2543 non
655 2488 795 2553 uidentur.
819 2492 828 2556 ΙΙ
851 2489 1015 2542 tuerentur
1035 2489 1084 2612 ΒΑ

86 2557 176 2623 rtem„
189 2559 216 2613 L
236 2563 241 2627 Ι
262 2559 413 2613 aduersum
431 2560 458 2613 L
479 2563 489 2629 ῃ
512 2567 528 2614 6
547 2559 649 2613 idonea
669 2560 693 2615 0
707 2562 776 2614 nota
795 2561 822 2613 Β
843 2562 847 2627 1
869 2561 938 2629 aput
956 2562 988 2614 iu
1006 2575 1062 2628 apu

85 2632 186 2685 mmu't
203 2630 232 2684 B
251 2630 328 2700 apud
346 2631 393 2699 L!
415 2632 485 2699 aput
503 2646 656 2685 cremeram
674 2633 706 2685 iu
723 2649 826 2686 rasura
844 2629 877 2685 N
882 2633 891 2662 ¹
914 2632 923 2700 ll
948 2636 962 2684 ‘t
982 2629 1007 2684 it
1022 2637 1084 2699 post

86 2700 207 2754 manitus
231 2702 296 2756 add.
315 2702 343 2755 B
365 2702 395 2755 et
415 2702 447 2757 0:
471 2703 558 2758 deieci
576 2708 691 2771 propter
710 2719 722 2755 s
741 2704 891 2771 impuram,
916 2701 946 2754 id
965 2703 1084 2756 Iahnius

86 2767 116 2823 ric
130 2772 261 2827 Halmius
278 2771 376 2840 itaque
395 2771 531 2827 scelerato
551 2771 664 2842 signata
681 2772 716 2827 F.
731 2773 766 2828 E.
783 2774 934 2828 Koehierus
950 2775 954 2842 Ι
971 2772 1085 2842 signata

86 2837 134 2912 ll!
154 2847 169 2896 9
193 2842 287 2912 adque
310 2844 338 2897 Β
361 2844 370 2912 ΙΙ
394 2848 427 2897 10
451 2843 536 2898 duces
555 2851 619 2913 post
642 2842 713 2896 alios
737 2845 801 2898 add.
823 2844 847 2898 G
867 2847 871 2912 1
898 2846 1001 2898 euentu
1020 2850 1084 2912 post

84 2914 242 2979 mmmm
260 2930 279 2966 n
297 2930 377 2970 erasa
395 2920 434 2968 est
451 2917 489 2983 m)
508 2915 536 2968 B
558 2917 568 2984 11
592 2919 624 2966 11
643 2913 765 2983 phalisoi
789 2917 863 2984 (post
877 2916 1055 2984 posteriorem
1073 2913 1084 2966 i

88 2994 151 3039 ‘rma
170 2991 211 3040 est
232 2986 256 3054 s)
274 2984 304 3038 Β
327 2987 332 3055 Ι
358 2984 463 3054 Sponte
486 2985 515 3055 (S
538 2987 621 3040 tuitio
645 3002 736 3040 sersus
760 2987 824 3040 add.
848 3003 883 3040 aa.
902 2988 933 3053 2)
951 2986 979 3038 Β
1004 2989 1008 3050 Ι
1033 2983 1084 3036 sed

89 3050 219 3109 ediderunt
237 3055 265 3109 Β
284 3070 314 3110 ee
332 3062 395 3110 aute
414 3074 426 3110 a
447 3059 514 3110 onte
534 3056 578 3126 01
600 3055 717 3110 cremati
738 3056 761 3111 0
778 3059 781 3126 Ι
802 3055 863 3126 igni
881 3055 907 3107 L
929 3059 933 3121 t
953 3054 1037 3107 fidem
1056 3055 1083 3107 Β

89 3118 180 3181 llatae
197 3126 238 3181 13²
256 3124 394 3181 fidenates
457 3130 466 3197 11
489 3132 521 3179 12
540 3125 657 3197 direpti]
677 3126 806 3196 daerepti
825 3128 852 3180 Β
870 3124 945 3194 rapti
965 3124 988 3179 Ο
1005 3129 1009 3191 Ι
1026 3122 1081 3177 sal-

93 3184 179 3251 boni.
194 3203 258 3266 post
275 3196 403 3252 funditus
422 3200 487 3253 add.
506 3199 534 3251 B
557 3201 561 3266 1
587 3200 716 3252 uerentes
736 3198 763 3251 L
783 3195 928 3263 {Phalisci
946 3197 974 3250 Β
994 3197 998 3263 Ι
1020 3212 1083 3248 eum

96 3260 208 3334 loquum
224 3270 343 3324 mutavit
360 3268 402 3322 Β1
427 3271 431 3338 l
456 3268 622 3323 obsidentur
640 3269 667 3322 L
689 3271 698 3338 ll
722 3274 755 3322 18
779 3267 842 3321 uisa
860 3269 904 3320 eet
923 3265 1002 3320 (leis
1022 3265 1085 3319 uisa

99 3329 191 3393 binim
217 3337 257 3393 eis
285 3339 330 3393 est
352 3338 415 3393 uisa
438 3340 584 3408 Halmius,
611 3346 671 3395 erut
695 3357 757 3394 oum
779 3340 823 3392 eet
846 3345 978 3407 tauquam
1001 3339 1084 3392 iuter-

100 3405 236 3469 ltlott'onem
253 3411 444 3466 secludendum
457 3417 594 3480 putarem,
612 3412 660 3466 sed
677 3429 701 3465 o.
717 3429 747 3479 p.
768 3415 792 3477 7,
808 3414 843 3463 10
860 3412 864 3475 Ι
880 3407 1020 3462 immerito
1043 3408 1083 3479 Ol

104 3474 124 3528 ll
136 3481 280 3620 proterepulr3
293 3480 362 3536 BN
381 3483 529 3550 pararetur
546 3482 619 3535 B¹L
642 3484 651 3548 ll
676 3485 708 3534 18
729 3481 901 3534 adterrorem
920 3479 950 3549 (d
967 3485 1095 3536 correcta

103 3559 125 3599 ta
160 3567 191 3605 m.
209 3554 223 3603 1
