<?xml version="1.0" encoding="UTF-8"?>
<!DOCTYPE html PUBLIC "-//W3C//DTD XHTML 1.0 Transitional//EN"
    "http://www.w3.org/TR/xhtml1/DTD/xhtml1-transitional.dtd">
<html xmlns="http://www.w3.org/1999/xhtml" xml:lang="en" lang="en">
 <head>
  <title>
</title>
<meta http-equiv="Content-Type" content="text/html;charset=utf-8" />
  <meta name='ocr-system' content='tesseract 3.04.00' />
  <meta name='ocr-capabilities' content='ocr_page ocr_carea ocr_par ocr_line ocrx_word'/>
</head>
<body>
  <div class='ocr_page' id='page_1' title='image "./lannaeifloriepi01florgoog_0051.png"; bbox 0 0 2386 3922; ppageno 0'>
   <div class='ocr_carea' id='block_1_1' title="bbox 77 157 782 215">
    <p class='ocr_par' dir='ltr' id='par_1_1' title="bbox 77 157 782 215">
     <span class='ocr_line' id='line_1_1' title="bbox 77 157 782 215; baseline -0.009 0"><span class='ocrx_word' id='word_1_1' title='bbox 77 160 164 215; x_wconf 84' lang='lat' dir='ltr'>XLIV</span> <span class='ocrx_word' id='word_1_2' title='bbox 390 159 592 212; x_wconf 76' lang='lat' dir='ltr'>PRAEFATIO</span> <span class='ocrx_word' id='word_1_3' title='bbox 611 157 782 210; x_wconf 83' lang='lat' dir='ltr'>EDITORIS</span> 
     </span>
    </p>
   </div>
   <div class='ocr_carea' id='block_1_2' title="bbox 6 322 1140 493">
    <p class='ocr_par' dir='ltr' id='par_1_2' title="bbox 6 322 1140 493">
     <span class='ocr_line' id='line_1_2' title="bbox 6 322 1140 419; baseline -0.005 -31"><span class='ocrx_word' id='word_1_4' title='bbox 6 343 71 382; x_wconf 73' lang='lat' dir='ltr'><strong>eet-s</strong></span> <span class='ocrx_word' id='word_1_5' title='bbox 147 329 205 388; x_wconf 87' lang='lat' dir='ltr'><strong>Hic</strong></span> <span class='ocrx_word' id='word_1_6' title='bbox 237 328 333 407; x_wconf 82' lang='lat' dir='ltr'><strong>igitur</strong></span> <span class='ocrx_word' id='word_1_7' title='bbox 364 328 397 388; x_wconf 86' lang='lat' dir='ltr'><strong>L.</strong></span> <span class='ocrx_word' id='word_1_8' title='bbox 427 325 571 386; x_wconf 83' lang='lat' dir='ltr'><strong>Annaeus</strong></span> <span class='ocrx_word' id='word_1_9' title='bbox 603 325 711 384; x_wconf 83' lang='lat' dir='ltr'><strong>Florus</strong></span> <span class='ocrx_word' id='word_1_10' title='bbox 744 324 908 400; x_wconf 89' lang='lat' dir='ltr'><strong>epitomam</strong></span> <span class='ocrx_word' id='word_1_11' title='bbox 939 322 1094 382; x_wconf 90' lang='lat' dir='ltr'><strong>Hadriano</strong></span> <span class='ocrx_word' id='word_1_12' title='bbox 1138 376 1140 419; x_wconf 88' lang='lat'><strong>:</strong></span> 
     </span>
     <span class='ocr_line' id='line_1_3' title="bbox 80 411 1095 493; baseline 0.002 -17"><span class='ocrx_word' id='word_1_13' title='bbox 80 419 261 493; x_wconf 79' lang='lat' dir='ltr'>imperatore</span> <span class='ocrx_word' id='word_1_14' title='bbox 288 416 493 493; x_wconf 84' lang='lat' dir='ltr'><strong>composuisse</strong></span> <span class='ocrx_word' id='word_1_15' title='bbox 521 414 666 492; x_wconf 82' lang='lat' dir='ltr'><strong>creditur,</strong></span> <span class='ocrx_word' id='word_1_16' title='bbox 695 411 764 473; x_wconf 79' lang='lat' dir='ltr'><strong>c&#39;um</strong></span> <span class='ocrx_word' id='word_1_17' title='bbox 791 415 856 491; x_wconf 91' lang='lat' dir='ltr'><strong>ipse</strong></span> <span class='ocrx_word' id='word_1_18' title='bbox 883 415 958 474; x_wconf 86' lang='lat' dir='ltr'><strong>haec</strong></span> <span class='ocrx_word' id='word_1_19' title='bbox 987 418 1095 479; x_wconf 80' lang='lat' dir='ltr'><strong>dixerit</strong></span> 
     </span>
    </p>
   </div>
   <div class='ocr_carea' id='block_1_3' title="bbox 39 497 1140 2461">
    <p class='ocr_par' dir='ltr' id='par_1_3' title="bbox 39 497 1140 2461">
     <span class='ocr_line' id='line_1_4' title="bbox 80 497 1095 587; baseline 0.001 -20"><span class='ocrx_word' id='word_1_20' title='bbox 80 498 123 587; x_wconf 91' lang='lat' dir='ltr'><strong>(p.</strong></span> <span class='ocrx_word' id='word_1_21' title='bbox 144 497 259 587; x_wconf 84' lang='lat'>6‚10):</span> <span class='ocrx_word' id='word_1_22' title='bbox 287 524 307 565; x_wconf 86' lang='lat' dir='ltr'><strong>o</strong></span> <span class='ocrx_word' id='word_1_23' title='bbox 330 504 457 565; x_wconf 73' lang='lat' dir='ltr'><strong>Caesare</strong></span> <span class='ocrx_word' id='word_1_24' title='bbox 479 504 611 578; x_wconf 73' lang='lat' dir='ltr'><strong>Acpcsto</strong></span> <span class='ocrx_word' id='word_1_25' title='bbox 638 506 671 562; x_wconf 79' lang='lat' dir='ltr'><strong>to</strong></span> <span class='ocrx_word' id='word_1_26' title='bbox 693 505 842 563; x_wconf 77' lang='lat' dir='ltr'><strong>saccutum</strong></span> <span class='ocrx_word' id='word_1_27' title='bbox 870 510 1004 566; x_wconf 73' lang='lat' dir='ltr'><strong>nocuum</strong></span> <span class='ocrx_word' id='word_1_28' title='bbox 1025 510 1095 568; x_wconf 80' lang='lat' dir='ltr'><strong>boat</strong></span> 
     </span>
     <span class='ocr_line' id='line_1_5' title="bbox 79 583 1140 678; baseline 0.004 -24"><span class='ocrx_word' id='word_1_29' title='bbox 79 597 169 654; x_wconf 78' lang='lat' dir='ltr'><strong>multo</strong></span> <span class='ocrx_word' id='word_1_30' title='bbox 195 597 294 654; x_wconf 72' lang='lat' dir='ltr'><strong>miuus</strong></span> <span class='ocrx_word' id='word_1_31' title='bbox 324 597 397 654; x_wconf 78' lang='lat' dir='ltr'><strong>ormi</strong></span> <span class='ocrx_word' id='word_1_32' title='bbox 425 595 553 662; x_wconf 67' lang='lat' dir='ltr'><strong>ducenti,</strong></span> <span class='ocrx_word' id='word_1_33' title='bbox 581 594 686 666; x_wconf 68' lang='lat' dir='ltr'><strong>quibus</strong></span> <span class='ocrx_word' id='word_1_34' title='bbox 714 583 889 672; x_wconf 83' lang='lat' dir='ltr'><strong>(imperium</strong></span> <span class='ocrx_word' id='word_1_35' title='bbox 913 589 1095 678; x_wconf 81' lang='lat' dir='ltr'><strong>Romanum)</strong></span> <span class='ocrx_word' id='word_1_36' title='bbox 1138 602 1140 613; x_wconf 93' lang='lat'>&#39;</span> 
     </span>
     <span class='ocr_line' id='line_1_6' title="bbox 80 682 1140 771; baseline 0.004 -27"><span class='ocrx_word' id='word_1_37' title='bbox 80 686 187 744; x_wconf 73' lang='lat' dir='ltr'><strong>mertia</strong></span> <span class='ocrx_word' id='word_1_38' title='bbox 211 682 373 744; x_wconf 71' lang='lat' dir='ltr'><strong>Caesareus</strong></span> <span class='ocrx_word' id='word_1_39' title='bbox 400 685 486 757; x_wconf 77' lang='lat' dir='ltr'><strong>quast</strong></span> <span class='ocrx_word' id='word_1_40' title='bbox 513 684 662 742; x_wconf 73' lang='lat' dir='ltr'><strong>coasouat</strong></span> <span class='ocrx_word' id='word_1_41' title='bbox 682 687 768 755; x_wconf 78' lang='lat' dir='ltr'><strong>atquc</strong></span> <span class='ocrx_word' id='word_1_42' title='bbox 790 685 908 753; x_wconf 75' lang='lat' dir='ltr'><strong><em>decoxit,</em></strong></span> <span class='ocrx_word' id='word_1_43' title='bbox 937 688 1000 746; x_wconf 73' lang='lat' dir='ltr'><strong>oisc·</strong></span> <span class='ocrx_word' id='word_1_44' title='bbox 1022 688 1095 762; x_wconf 76' lang='lat' dir='ltr'><strong>quod</strong></span> <span class='ocrx_word' id='word_1_45' title='bbox 1138 742 1140 771; x_wconf 59' lang='grc' dir='ltr'>Ι</span> 
     </span>
     <span class='ocr_line' id='line_1_7' title="bbox 80 773 1140 857; baseline 0.004 -25"><span class='ocrx_word' id='word_1_46' title='bbox 80 775 135 832; x_wconf 78' lang='lat' dir='ltr'><strong>sub</strong></span> <span class='ocrx_word' id='word_1_47' title='bbox 159 773 316 832; x_wconf 74' lang='lat' dir='ltr'><strong>Traiano</strong></span> <span class='ocrx_word' id='word_1_48' title='bbox 338 775 475 847; x_wconf 75' lang='lat' dir='ltr'><strong>prtoope</strong></span> <span class='ocrx_word' id='word_1_49' title='bbox 496 774 586 831; x_wconf 77' lang='lat' dir='ltr'><strong>movit</strong></span> <span class='ocrx_word' id='word_1_50' title='bbox 607 773 728 831; x_wconf 83' lang='lat' dir='ltr'><strong>lacertos</strong></span> <span class='ocrx_word' id='word_1_51' title='bbox 751 776 778 830; x_wconf 86' lang='lat' dir='ltr'><strong>ct</strong></span> <span class='ocrx_word' id='word_1_52' title='bbox 793 778 913 845; x_wconf 79' lang='lat' dir='ltr'><strong>practer</strong></span> <span class='ocrx_word' id='word_1_53' title='bbox 935 793 1017 849; x_wconf 63' lang='lat' dir='ltr'><strong>mem</strong></span> <span class='ocrx_word' id='word_1_54' title='bbox 1039 795 1095 836; x_wconf 73' lang='lat' dir='ltr'><strong>oue</strong></span> <span class='ocrx_word' id='word_1_55' title='bbox 1138 778 1140 857; x_wconf 77' lang='lat' dir='ltr'><strong>l</strong></span> 
     </span>
     <span class='ocr_line' id='line_1_8' title="bbox 39 862 1096 936; baseline 0.006 -16"><span class='ocrx_word' id='word_1_56' title='bbox 39 891 43 901; x_wconf 93' lang='lat'><em>·</em></span> <span class='ocrx_word' id='word_1_57' title='bbox 80 865 165 921; x_wconf 76' lang='lat' dir='ltr'><strong>ctum</strong></span> <span class='ocrx_word' id='word_1_58' title='bbox 200 866 329 921; x_wconf 71' lang='lat' dir='ltr'><strong>concors</strong></span> <span class='ocrx_word' id='word_1_59' title='bbox 364 863 482 936; x_wconf 79' lang='lat' dir='ltr'><strong>imperit</strong></span> <span class='ocrx_word' id='word_1_60' title='bbox 518 863 604 934; x_wconf 78' lang='lat' dir='ltr'><strong>quast</strong></span> <span class='ocrx_word' id='word_1_61' title='bbox 638 862 754 920; x_wconf 81' lang='lat' dir='ltr'><strong>reddito</strong></span> <span class='ocrx_word' id='word_1_62' title='bbox 789 864 936 922; x_wconf 77' lang='lat' dir='ltr'><strong>iuventute</strong></span> <span class='ocrx_word' id='word_1_63' title='bbox 966 868 1096 926; x_wconf 73' lang='lat' dir='ltr'><strong><em>reviruit.</em></strong></span> 
     </span>
     <span class='ocr_line' id='line_1_9' title="bbox 80 906 1140 1035; baseline 0.006 -26"><span class='ocrx_word' id='word_1_64' title='bbox 80 970 135 1028; x_wconf 91' lang='lat' dir='ltr'><strong>pro</strong></span> <span class='ocrx_word' id='word_1_65' title='bbox 163 953 286 1010; x_wconf 77' lang='lat' dir='ltr'><strong>restruit</strong></span> <span class='ocrx_word' id='word_1_66' title='bbox 314 954 431 1026; x_wconf 82' lang='lat' dir='ltr'><strong>autem,</strong></span> <span class='ocrx_word' id='word_1_67' title='bbox 455 950 535 1027; x_wconf 93' lang='lat' dir='ltr'><strong>quod</strong></span> <span class='ocrx_word' id='word_1_68' title='bbox 557 949 682 1009; x_wconf 82' lang='lat' dir='ltr'><strong>Iahnius</strong></span> <span class='ocrx_word' id='word_1_69' title='bbox 711 951 910 1029; x_wconf 86' lang='lat' dir='ltr'><strong>Halmiusque</strong></span> <span class='ocrx_word' id='word_1_70' title='bbox 938 972 976 1012; x_wconf 85' lang='lat' dir='ltr'><strong>ex</strong></span> <span class='ocrx_word' id='word_1_71' title='bbox 999 955 1025 1013; x_wconf 90' lang='lat' dir='ltr'>B</span> <span class='ocrx_word' id='word_1_72' title='bbox 1052 975 1095 1015; x_wconf 88' lang='lat' dir='ltr'><strong>re·</strong></span> <span class='ocrx_word' id='word_1_73' title='bbox 1137 906 1140 1035; x_wconf 60' lang='lat' dir='ltr'><strong>i</strong></span> 
     </span>
     <span class='ocr_line' id='line_1_10' title="bbox 82 1037 1140 1117; baseline 0.004 -17"><span class='ocrx_word' id='word_1_74' title='bbox 82 1043 242 1117; x_wconf 70' lang='lat' dir='ltr'><strong>ceperunt·</strong></span> <span class='ocrx_word' id='word_1_75' title='bbox 267 1042 416 1099; x_wconf 70' lang='lat' dir='ltr'><em>revirescit</em></span> <span class='ocrx_word' id='word_1_76' title='bbox 446 1040 478 1098; x_wconf 90' lang='lat' dir='ltr'><strong>in</strong></span> <span class='ocrx_word' id='word_1_77' title='bbox 508 1037 531 1099; x_wconf 84' lang='lat' dir='ltr'>O</span> <span class='ocrx_word' id='word_1_78' title='bbox 564 1038 678 1115; x_wconf 81' lang='lat' dir='ltr'><strong>legitur</strong></span> <span class='ocrx_word' id='word_1_79' title='bbox 710 1043 741 1099; x_wconf 88' lang='lat' dir='ltr'><strong>et</strong></span> <span class='ocrx_word' id='word_1_80' title='bbox 772 1041 869 1100; x_wconf 91' lang='lat' dir='ltr'><strong>multo</strong></span> <span class='ocrx_word' id='word_1_81' title='bbox 901 1043 1096 1104; x_wconf 89' lang='lat' dir='ltr'><strong>verisimilius</strong></span> <span class='ocrx_word' id='word_1_82' title='bbox 1138 1038 1140 1083; x_wconf 47' lang='grc' dir='ltr'>ἵ</span> 
     </span>
     <span class='ocr_line' id='line_1_11' title="bbox 81 1128 1096 1205; baseline 0.005 -17"><span class='ocrx_word' id='word_1_83' title='bbox 81 1129 204 1188; x_wconf 85' lang='lat' dir='ltr'><strong>ridetur</strong></span> <span class='ocrx_word' id='word_1_84' title='bbox 225 1147 367 1205; x_wconf 82' lang='lat' dir='ltr'><strong>praesens</strong></span> <span class='ocrx_word' id='word_1_85' title='bbox 390 1131 511 1205; x_wconf 91' lang='lat' dir='ltr'><strong>tempus</strong></span> <span class='ocrx_word' id='word_1_86' title='bbox 533 1129 658 1204; x_wconf 87' lang='lat' dir='ltr'><strong>propter</strong></span> <span class='ocrx_word' id='word_1_87' title='bbox 675 1128 776 1187; x_wconf 89' lang='lat' dir='ltr'><strong>vicina</strong></span> <span class='ocrx_word' id='word_1_88' title='bbox 799 1133 954 1200; x_wconf 70' lang='lat' dir='ltr'><strong>consecrat,</strong></span> <span class='ocrx_word' id='word_1_89' title='bbox 979 1134 1096 1202; x_wconf 79' lang='lat' dir='ltr'><strong>dccccii,</strong></span> 
     </span>
     <span class='ocr_line' id='line_1_12' title="bbox 81 1218 1096 1294; baseline 0.006 -17"><span class='ocrx_word' id='word_1_90' title='bbox 81 1220 177 1287; x_wconf 81' lang='lat' dir='ltr'><strong>owoc&#39;t,</strong></span> <span class='ocrx_word' id='word_1_91' title='bbox 200 1218 261 1290; x_wconf 76' lang='lat' dir='ltr'><strong>fuit</strong></span> <span class='ocrx_word' id='word_1_92' title='bbox 282 1218 313 1276; x_wconf 91' lang='lat' dir='ltr'><strong>in</strong></span> <span class='ocrx_word' id='word_1_93' title='bbox 331 1218 501 1294; x_wconf 89' lang='lat' dir='ltr'><strong>perfectum</strong></span> <span class='ocrx_word' id='word_1_94' title='bbox 519 1219 672 1275; x_wconf 89' lang='lat' dir='ltr'><strong>mutatum</strong></span> <span class='ocrx_word' id='word_1_95' title='bbox 693 1235 757 1276; x_wconf 92' lang='lat' dir='ltr'><strong>esse</strong></span> <span class='ocrx_word' id='word_1_96' title='bbox 777 1237 868 1294; x_wconf 91' lang='lat' dir='ltr'><strong>quam</strong></span> <span class='ocrx_word' id='word_1_97' title='bbox 886 1219 942 1280; x_wconf 92' lang='lat' dir='ltr'><strong>hoc</strong></span> <span class='ocrx_word' id='word_1_98' title='bbox 961 1221 993 1279; x_wconf 90' lang='lat' dir='ltr'><strong>in</strong></span> <span class='ocrx_word' id='word_1_99' title='bbox 1012 1223 1096 1282; x_wconf 94' lang='lat' dir='ltr'><strong>illud.</strong></span> 
     </span>
     <span class='ocr_line' id='line_1_13' title="bbox 81 1306 1097 1390; baseline 0.007 -25"><span class='ocrx_word' id='word_1_100' title='bbox 81 1326 179 1384; x_wconf 89' lang='lat' dir='ltr'><strong>neque</strong></span> <span class='ocrx_word' id='word_1_101' title='bbox 199 1306 301 1366; x_wconf 90' lang='lat' dir='ltr'><strong>obstat</strong></span> <span class='ocrx_word' id='word_1_102' title='bbox 319 1306 518 1366; x_wconf 90' lang='lat' dir='ltr'><strong>ducentorum</strong></span> <span class='ocrx_word' id='word_1_103' title='bbox 536 1307 598 1365; x_wconf 85' lang='lat' dir='ltr'><strong>fere</strong></span> <span class='ocrx_word' id='word_1_104' title='bbox 618 1324 767 1366; x_wconf 89' lang='lat' dir='ltr'><strong>annorum</strong></span> <span class='ocrx_word' id='word_1_105' title='bbox 786 1308 824 1364; x_wconf 91' lang='lat' dir='ltr'><strong>ab</strong></span> <span class='ocrx_word' id='word_1_106' title='bbox 838 1306 980 1385; x_wconf 84' lang='lat' dir='ltr'><strong>Augusto</strong></span> <span class='ocrx_word' id='word_1_107' title='bbox 1000 1331 1097 1390; x_wconf 89' lang='lat' dir='ltr'><strong>usque</strong></span> 
     </span>
     <span class='ocr_line' id='line_1_14' title="bbox 82 1395 1098 1479; baseline 0.006 -24"><span class='ocrx_word' id='word_1_108' title='bbox 82 1396 121 1455; x_wconf 93' lang='lat' dir='ltr'><strong>ad</strong></span> <span class='ocrx_word' id='word_1_109' title='bbox 135 1395 218 1456; x_wconf 81' lang='lat' dir='ltr'><strong>Flori</strong></span> <span class='ocrx_word' id='word_1_110' title='bbox 233 1399 366 1455; x_wconf 87' lang='lat' dir='ltr'><strong>aetatem</strong></span> <span class='ocrx_word' id='word_1_111' title='bbox 384 1396 580 1474; x_wconf 84' lang='lat' dir='ltr'><strong>computatio,</strong></span> <span class='ocrx_word' id='word_1_112' title='bbox 599 1413 667 1454; x_wconf 91' lang='lat' dir='ltr'><strong>cum</strong></span> <span class='ocrx_word' id='word_1_113' title='bbox 688 1414 706 1453; x_wconf 89' lang='lat' dir='ltr'><strong>a</strong></span> <span class='ocrx_word' id='word_1_114' title='bbox 724 1395 804 1455; x_wconf 93' lang='lat' dir='ltr'><strong>bello</strong></span> <span class='ocrx_word' id='word_1_115' title='bbox 818 1396 984 1458; x_wconf 79' lang='lat' dir='ltr'><strong>Mutinensi</strong></span> <span class='ocrx_word' id='word_1_116' title='bbox 1002 1420 1098 1479; x_wconf 86' lang='lat' dir='ltr'><strong>usque</strong></span> 
     </span>
     <span class='ocr_line' id='line_1_15' title="bbox 83 1477 1098 1564; baseline 0.007 -20"><span class='ocrx_word' id='word_1_117' title='bbox 83 1485 122 1544; x_wconf 94' lang='lat' dir='ltr'><strong>ad</strong></span> <span class='ocrx_word' id='word_1_118' title='bbox 155 1483 272 1544; x_wconf 92' lang='lat' dir='ltr'><strong>obitum</strong></span> <span class='ocrx_word' id='word_1_119' title='bbox 305 1484 429 1543; x_wconf 85' lang='lat' dir='ltr'><strong>Traiani</strong></span> <span class='ocrx_word' id='word_1_120' title='bbox 461 1482 537 1544; x_wconf 83' lang='lat' dir='ltr'><strong>CLX</strong></span> <span class='ocrx_word' id='word_1_121' title='bbox 569 1490 767 1544; x_wconf 89' lang='lat' dir='ltr'><strong>numerentur</strong></span> <span class='ocrx_word' id='word_1_122' title='bbox 777 1477 812 1564; x_wconf 81' lang='lat'><strong>¹).</strong></span> <span class='ocrx_word' id='word_1_123' title='bbox 868 1487 921 1563; x_wconf 91' lang='lat' dir='ltr'><strong>qui</strong></span> <span class='ocrx_word' id='word_1_124' title='bbox 955 1508 1098 1550; x_wconf 89' lang='lat' dir='ltr'><strong>numerus</strong></span> 
     </span>
     <span class='ocr_line' id='line_1_16' title="bbox 83 1573 1101 1651; baseline 0.008 -19"><span class='ocrx_word' id='word_1_125' title='bbox 83 1574 176 1633; x_wconf 89' lang='lat' dir='ltr'><strong>etiam</strong></span> <span class='ocrx_word' id='word_1_126' title='bbox 200 1573 357 1650; x_wconf 89' lang='lat' dir='ltr'><strong>aliquanto</strong></span> <span class='ocrx_word' id='word_1_127' title='bbox 382 1577 521 1651; x_wconf 87' lang='lat' dir='ltr'><strong>augetur.</strong></span> <span class='ocrx_word' id='word_1_128' title='bbox 550 1592 619 1632; x_wconf 90' lang='lat' dir='ltr'><strong>cum</strong></span> <span class='ocrx_word' id='word_1_129' title='bbox 643 1574 722 1632; x_wconf 92' lang='lat' dir='ltr'><strong>enim</strong></span> <span class='ocrx_word' id='word_1_130' title='bbox 741 1575 833 1634; x_wconf 86' lang='lat' dir='ltr'><strong>verba</strong></span> <span class='ocrx_word' id='word_1_131' title='bbox 851 1576 905 1634; x_wconf 77' lang='lat' dir='ltr'><strong>sub</strong></span> <span class='ocrx_word' id='word_1_132' title='bbox 923 1607 960 1617; x_wconf 93' lang='lat'><em>-</em></span> <span class='ocrx_word' id='word_1_133' title='bbox 978 1579 1101 1639; x_wconf 80' lang='lat' dir='ltr'><strong>lacertos</strong></span> 
     </span>
     <span class='ocr_line' id='line_1_17' title="bbox 82 1663 1099 1741; baseline 0.01 -21"><span class='ocrx_word' id='word_1_134' title='bbox 82 1663 141 1720; x_wconf 89' lang='lat' dir='ltr'><strong>nisi</strong></span> <span class='ocrx_word' id='word_1_135' title='bbox 178 1665 299 1720; x_wconf 87' lang='lat' dir='ltr'><strong>mortuo</strong></span> <span class='ocrx_word' id='word_1_136' title='bbox 333 1663 462 1721; x_wconf 85' lang='lat' dir='ltr'><strong>Traiano</strong></span> <span class='ocrx_word' id='word_1_137' title='bbox 500 1663 582 1721; x_wconf 88' lang='lat' dir='ltr'><strong>dicta</strong></span> <span class='ocrx_word' id='word_1_138' title='bbox 615 1680 680 1720; x_wconf 89' lang='lat' dir='ltr'><strong>esse</strong></span> <span class='ocrx_word' id='word_1_139' title='bbox 710 1682 771 1723; x_wconf 91' lang='lat' dir='ltr'><strong>non</strong></span> <span class='ocrx_word' id='word_1_140' title='bbox 801 1664 932 1741; x_wconf 86' lang='lat' dir='ltr'><strong>possint,</strong></span> <span class='ocrx_word' id='word_1_141' title='bbox 969 1667 1002 1725; x_wconf 93' lang='lat' dir='ltr'><strong>in</strong></span> <span class='ocrx_word' id='word_1_142' title='bbox 1034 1672 1099 1729; x_wconf 89' lang='lat' dir='ltr'><strong>toto</strong></span> 
     </span>
     <span class='ocr_line' id='line_1_18' title="bbox 83 1750 1100 1830; baseline 0.009 -21"><span class='ocrx_word' id='word_1_143' title='bbox 83 1754 186 1810; x_wconf 88' lang='lat' dir='ltr'><strong>autem</strong></span> <span class='ocrx_word' id='word_1_144' title='bbox 216 1750 374 1810; x_wconf 87' lang='lat' dir='ltr'><strong>enuntiato</strong></span> <span class='ocrx_word' id='word_1_145' title='bbox 401 1751 504 1812; x_wconf 85' lang='lat' dir='ltr'><strong>vivida</strong></span> <span class='ocrx_word' id='word_1_146' title='bbox 532 1751 596 1810; x_wconf 90' lang='lat' dir='ltr'><strong>eius</strong></span> <span class='ocrx_word' id='word_1_147' title='bbox 619 1752 788 1811; x_wconf 79' lang='lat' dir='ltr'><strong>recordatio</strong></span> <span class='ocrx_word' id='word_1_148' title='bbox 811 1753 897 1830; x_wconf 86' lang='lat' dir='ltr'><strong>insit,</strong></span> <span class='ocrx_word' id='word_1_149' title='bbox 929 1755 986 1814; x_wconf 91' lang='lat' dir='ltr'><strong>sub</strong></span> <span class='ocrx_word' id='word_1_150' title='bbox 1009 1757 1100 1818; x_wconf 89' lang='lat' dir='ltr'><strong>finem</strong></span> 
     </span>
     <span class='ocr_line' id='line_1_19' title="bbox 82 1838 1100 1917; baseline 0.009 -19"><span class='ocrx_word' id='word_1_151' title='bbox 82 1839 204 1916; x_wconf 90' lang='lat' dir='ltr'><strong>imperii</strong></span> <span class='ocrx_word' id='word_1_152' title='bbox 226 1838 373 1898; x_wconf 87' lang='lat' dir='ltr'><strong>Hadriani</strong></span> <span class='ocrx_word' id='word_1_153' title='bbox 400 1840 618 1914; x_wconf 78' lang='lat' dir='ltr'><strong>praefationem</strong></span> <span class='ocrx_word' id='word_1_154' title='bbox 647 1841 844 1917; x_wconf 82' lang='lat' dir='ltr'><strong>compositam</strong></span> <span class='ocrx_word' id='word_1_155' title='bbox 868 1861 932 1903; x_wconf 91' lang='lat' dir='ltr'><strong>esse</strong></span> <span class='ocrx_word' id='word_1_156' title='bbox 956 1846 1100 1907; x_wconf 83' lang='lat' dir='ltr'><strong>credibile</strong></span> 
     </span>
     <span class='ocr_line' id='line_1_20' title="bbox 84 1919 1101 2012; baseline 0.009 -25"><span class='ocrx_word' id='word_1_157' title='bbox 84 1947 145 1987; x_wconf 91' lang='lat' dir='ltr'><strong>non</strong></span> <span class='ocrx_word' id='word_1_158' title='bbox 169 1931 221 1988; x_wconf 89' lang='lat' dir='ltr'><strong>est.</strong></span> <span class='ocrx_word' id='word_1_159' title='bbox 268 1929 384 1988; x_wconf 88' lang='lat' dir='ltr'><strong>accedit</strong></span> <span class='ocrx_word' id='word_1_160' title='bbox 407 1929 488 2005; x_wconf 89' lang='lat' dir='ltr'><strong>quod</strong></span> <span class='ocrx_word' id='word_1_161' title='bbox 512 1930 605 1989; x_wconf 84' lang='lat' dir='ltr'><strong>rerba</strong></span> <span class='ocrx_word' id='word_1_162' title='bbox 629 1919 671 2009; x_wconf 89' lang='lat' dir='ltr'><strong>(p.</strong></span> <span class='ocrx_word' id='word_1_163' title='bbox 693 1933 770 2008; x_wconf 85' lang='grc'>173,</span> <span class='ocrx_word' id='word_1_164' title='bbox 791 1923 825 2012; x_wconf 82' lang='grc'><strong>7)</strong></span> <span class='ocrx_word' id='word_1_165' title='bbox 848 1933 891 1990; x_wconf 78' lang='lat' dir='ltr'><strong>stc</strong></span> <span class='ocrx_word' id='word_1_166' title='bbox 917 1936 979 1991; x_wconf 83' lang='lat' dir='ltr'><strong>twm</strong></span> <span class='ocrx_word' id='word_1_167' title='bbox 1000 1935 1101 1996; x_wconf 79' lang='lat' dir='ltr'><strong>Docta</strong></span> 
     </span>
     <span class='ocr_line' id='line_1_21' title="bbox 84 2019 1101 2096; baseline 0.009 -20"><span class='ocrx_word' id='word_1_168' title='bbox 84 2034 144 2076; x_wconf 77' lang='lat' dir='ltr'><strong>noa</strong></span> <span class='ocrx_word' id='word_1_169' title='bbox 162 2019 246 2085; x_wconf 78' lang='lat' dir='ltr'><strong>victo,</strong></span> <span class='ocrx_word' id='word_1_170' title='bbox 272 2019 323 2076; x_wconf 84' lang='lat' dir='ltr'><strong>scol</strong></span> <span class='ocrx_word' id='word_1_171' title='bbox 341 2021 485 2078; x_wconf 74' lang='lat' dir='ltr'><strong>swmaoto</strong></span> <span class='ocrx_word' id='word_1_172' title='bbox 503 2021 588 2090; x_wconf 78' lang='lat' dir='ltr'><strong>atquc</strong></span> <span class='ocrx_word' id='word_1_173' title='bbox 606 2019 699 2078; x_wconf 77' lang='lat' dir='ltr'><strong>ditato</strong></span> <span class='ocrx_word' id='word_1_174' title='bbox 722 2025 764 2078; x_wconf 83' lang='lat' dir='ltr'><strong>cst</strong></span> <span class='ocrx_word' id='word_1_175' title='bbox 782 2039 848 2079; x_wconf 89' lang='lat' dir='ltr'><strong>eam</strong></span> <span class='ocrx_word' id='word_1_176' title='bbox 870 2022 1062 2096; x_wconf 81' lang='lat' dir='ltr'><strong>provinciam</strong></span> <span class='ocrx_word' id='word_1_177' title='bbox 1083 2045 1101 2085; x_wconf 89' lang='lat' dir='ltr'><strong>a</strong></span> 
     </span>
     <span class='ocr_line' id='line_1_22' title="bbox 84 2099 1101 2188; baseline 0.01 -24"><span class='ocrx_word' id='word_1_178' title='bbox 84 2106 214 2165; x_wconf 81' lang='lat' dir='ltr'><strong>Traiano</strong></span> <span class='ocrx_word' id='word_1_179' title='bbox 238 2107 351 2165; x_wconf 83' lang='lat' dir='ltr'><strong>factam</strong></span> <span class='ocrx_word' id='word_1_180' title='bbox 374 2107 470 2184; x_wconf 84' lang='lat' dir='ltr'><strong>digito</strong></span> <span class='ocrx_word' id='word_1_181' title='bbox 494 2108 702 2167; x_wconf 89' lang='lat' dir='ltr'><strong>demonstrant</strong></span> <span class='ocrx_word' id='word_1_182' title='bbox 710 2099 745 2188; x_wconf 72' lang='grc'><strong>2).</strong></span> <span class='ocrx_word' id='word_1_183' title='bbox 782 2110 881 2168; x_wconf 92' lang='lat' dir='ltr'><strong>multo</strong></span> <span class='ocrx_word' id='word_1_184' title='bbox 903 2130 976 2171; x_wconf 82' lang='lat' dir='ltr'><strong>vero</strong></span> <span class='ocrx_word' id='word_1_185' title='bbox 999 2114 1101 2174; x_wconf 92' lang='lat' dir='ltr'><strong>minus</strong></span> 
     </span>
     <span class='ocr_line' id='line_1_23' title="bbox 83 2194 1102 2274; baseline 0.009 -20"><span class='ocrx_word' id='word_1_186' title='bbox 83 2194 239 2272; x_wconf 88' lang='lat' dir='ltr'><strong>probabile</strong></span> <span class='ocrx_word' id='word_1_187' title='bbox 254 2198 308 2274; x_wconf 84' lang='lat' dir='ltr'><strong>est,</strong></span> <span class='ocrx_word' id='word_1_188' title='bbox 328 2200 363 2256; x_wconf 91' lang='lat' dir='ltr'><strong>ut</strong></span> <span class='ocrx_word' id='word_1_189' title='bbox 376 2199 494 2256; x_wconf 89' lang='lat' dir='ltr'><strong>taceam</strong></span> <span class='ocrx_word' id='word_1_190' title='bbox 509 2196 545 2255; x_wconf 90' lang='lat' dir='ltr'><strong>de</strong></span> <span class='ocrx_word' id='word_1_191' title='bbox 561 2197 657 2256; x_wconf 75' lang='lat' dir='ltr'><strong>Titzio</strong></span> <span class='ocrx_word' id='word_1_192' title='bbox 671 2197 848 2274; x_wconf 82' lang='lat' dir='ltr'><strong>Augusteae</strong></span> <span class='ocrx_word' id='word_1_193' title='bbox 866 2201 962 2259; x_wconf 90' lang='lat' dir='ltr'><strong>aetati</strong></span> <span class='ocrx_word' id='word_1_194' title='bbox 976 2201 1102 2262; x_wconf 81' lang='lat' dir='ltr'><strong>Florum</strong></span> 
     </span>
     <span class='ocr_line' id='line_1_24' title="bbox 83 2284 1100 2369; baseline 0.006 -23"><span class='ocrx_word' id='word_1_195' title='bbox 83 2285 264 2362; x_wconf 83' lang='lat' dir='ltr'><strong>vindicante,</strong></span> <span class='ocrx_word' id='word_1_196' title='bbox 285 2286 366 2361; x_wconf 92' lang='lat' dir='ltr'><strong>quod</strong></span> <span class='ocrx_word' id='word_1_197' title='bbox 381 2284 416 2345; x_wconf 71' lang='lat' dir='ltr'><strong>(l.</strong></span> <span class='ocrx_word' id='word_1_198' title='bbox 430 2285 478 2345; x_wconf 89' lang='lat' dir='ltr'><strong>W.</strong></span> <span class='ocrx_word' id='word_1_199' title='bbox 495 2284 673 2346; x_wconf 78' lang='lat' dir='ltr'><strong>Gossravius</strong></span> <span class='ocrx_word' id='word_1_200' title='bbox 693 2306 763 2346; x_wconf 91' lang='lat' dir='ltr'><strong>eum</strong></span> <span class='ocrx_word' id='word_1_201' title='bbox 781 2287 838 2345; x_wconf 90' lang='lat' dir='ltr'><strong>sub</strong></span> <span class='ocrx_word' id='word_1_202' title='bbox 858 2287 987 2350; x_wconf 83' lang='lat' dir='ltr'><strong>Traiano</strong></span> <span class='ocrx_word' id='word_1_203' title='bbox 1007 2293 1100 2369; x_wconf 88' lang='lat' dir='ltr'><strong>scrip·</strong></span> 
     </span>
     <span class='ocr_line' id='line_1_25' title="bbox 83 2364 1100 2461; baseline 0.007 -27"><span class='ocrx_word' id='word_1_204' title='bbox 83 2375 156 2434; x_wconf 91' lang='lat' dir='ltr'><strong>sisse</strong></span> <span class='ocrx_word' id='word_1_205' title='bbox 173 2364 297 2453; x_wconf 81' lang='lat' dir='ltr'><strong>putat³)</strong></span> <span class='ocrx_word' id='word_1_206' title='bbox 319 2377 374 2432; x_wconf 91' lang='lat' dir='ltr'><strong>aut</strong></span> <span class='ocrx_word' id='word_1_207' title='bbox 393 2373 427 2435; x_wconf 78' lang='lat' dir='ltr'><strong>G.</strong></span> <span class='ocrx_word' id='word_1_208' title='bbox 437 2375 470 2433; x_wconf 85' lang='lat' dir='ltr'><strong>F.</strong></span> <span class='ocrx_word' id='word_1_209' title='bbox 480 2374 620 2452; x_wconf 86' lang='lat' dir='ltr'><strong>Ungerus</strong></span> <span class='ocrx_word' id='word_1_210' title='bbox 639 2375 695 2433; x_wconf 92' lang='lat' dir='ltr'><strong>sub</strong></span> <span class='ocrx_word' id='word_1_211' title='bbox 713 2376 752 2435; x_wconf 88' lang='lat' dir='ltr'><strong>ll.</strong></span> <span class='ocrx_word' id='word_1_212' title='bbox 762 2375 887 2436; x_wconf 87' lang='lat' dir='ltr'><strong>Aurelio</strong></span> <span class='ocrx_word' id='word_1_213' title='bbox 902 2373 1100 2461; x_wconf 80' lang='lat' dir='ltr'><strong>Anconin0⁴).</strong></span> 
     </span>
    </p>
   </div>
   <div class='ocr_carea' id='block_1_4' title="bbox 83 2608 1102 3611">
    <p class='ocr_par' dir='ltr' id='par_1_4' title="bbox 84 2608 1102 2753">
     <span class='ocr_line' id='line_1_26' title="bbox 84 2608 1102 2682; baseline 0.007 -14"><span class='ocrx_word' id='word_1_214' title='bbox 84 2614 223 2668; x_wconf 91' lang='lat' dir='ltr'><strong>rationem</strong></span> <span class='ocrx_word' id='word_1_215' title='bbox 245 2611 379 2666; x_wconf 88' lang='lat' dir='ltr'><strong>librariae</strong></span> <span class='ocrx_word' id='word_1_216' title='bbox 403 2608 558 2681; x_wconf 82' lang='lat' dir='ltr'><strong>scripturae</strong></span> <span class='ocrx_word' id='word_1_217' title='bbox 582 2613 669 2667; x_wconf 89' lang='lat' dir='ltr'><strong>aliam</strong></span> <span class='ocrx_word' id='word_1_218' title='bbox 693 2615 892 2682; x_wconf 89' lang='lat' dir='ltr'><strong>quadratariae</strong></span> <span class='ocrx_word' id='word_1_219' title='bbox 912 2633 973 2672; x_wconf 90' lang='lat' dir='ltr'><strong>esse</strong></span> <span class='ocrx_word' id='word_1_220' title='bbox 990 2618 1040 2673; x_wconf 84' lang='lat' dir='ltr'><strong>vix</strong></span> <span class='ocrx_word' id='word_1_221' title='bbox 1059 2623 1102 2675; x_wconf 88' lang='lat' dir='ltr'><strong>est</strong></span> 
     </span>
     <span class='ocr_line' id='line_1_27' title="bbox 84 2685 315 2753; baseline -0.013 -15"><span class='ocrx_word' id='word_1_222' title='bbox 84 2685 161 2753; x_wconf 89' lang='lat' dir='ltr'><strong>quod</strong></span> <span class='ocrx_word' id='word_1_223' title='bbox 178 2701 315 2738; x_wconf 89' lang='lat' dir='ltr'><strong>moneam.</strong></span> 
     </span>
    </p>

    <p class='ocr_par' dir='ltr' id='par_1_5' title="bbox 83 2754 1101 3113">
     <span class='ocr_line' id='line_1_28' title="bbox 157 2754 1101 2838; baseline 0.01 -30"><span class='ocrx_word' id='word_1_224' title='bbox 157 2758 182 2824; x_wconf 88' lang='lat'><strong>1)</strong></span> <span class='ocrx_word' id='word_1_225' title='bbox 206 2754 283 2835; x_wconf 85' lang='lat' dir='ltr'><strong>inde¹</strong></span> <span class='ocrx_word' id='word_1_226' title='bbox 301 2754 337 2808; x_wconf 88' lang='lat' dir='ltr'><strong>ab</strong></span> <span class='ocrx_word' id='word_1_227' title='bbox 366 2770 398 2808; x_wconf 93' lang='lat' dir='ltr'><strong>eo</strong></span> <span class='ocrx_word' id='word_1_228' title='bbox 426 2756 552 2836; x_wconf 76' lang='lat' dir='ltr'><strong>tempore</strong></span> <span class='ocrx_word' id='word_1_229' title='bbox 580 2773 635 2824; x_wconf 90' lang='lat' dir='ltr'><strong>quo</strong></span> <span class='ocrx_word' id='word_1_230' title='bbox 658 2757 803 2838; x_wconf 63' lang='lat' dir='ltr'><strong>augustus</strong></span> <span class='ocrx_word' id='word_1_231' title='bbox 829 2761 913 2812; x_wconf 89' lang='lat' dir='ltr'><strong>natus</strong></span> <span class='ocrx_word' id='word_1_232' title='bbox 942 2762 986 2814; x_wconf 91' lang='lat' dir='ltr'><strong>est</strong></span> <span class='ocrx_word' id='word_1_233' title='bbox 1012 2779 1101 2817; x_wconf 89' lang='lat' dir='ltr'><strong>annos</strong></span> 
     </span>
     <span class='ocr_line' id='line_1_29' title="bbox 84 2825 1100 2979; baseline 0.009 -29"><span class='ocrx_word' id='word_1_234' title='bbox 84 2825 835 2979; x_wconf 44' lang='lat' dir='ltr'><strong>comditzrrdiuddlreqddiloaddodec&#39;le&#39;rrdindduvsunddoedicos</strong></span> <span class='ocrx_word' id='word_1_235' title='bbox 849 2901 1018 2972; x_wconf 82' lang='lat' dir='ltr'><strong>appellatur,</strong></span> <span class='ocrx_word' id='word_1_236' title='bbox 1037 2922 1100 2959; x_wconf 90' lang='lat' dir='ltr'><strong>cum</strong></span> 
     </span>
     <span class='ocr_line' id='line_1_30' title="bbox 84 2968 1099 3038; baseline 0.009 -16"><span class='ocrx_word' id='word_1_237' title='bbox 84 2969 183 3023; x_wconf 83' lang='lat' dir='ltr'><strong>Florus</strong></span> <span class='ocrx_word' id='word_1_238' title='bbox 205 2985 241 3022; x_wconf 88' lang='lat' dir='ltr'><strong>ne</strong></span> <span class='ocrx_word' id='word_1_239' title='bbox 264 2968 424 3038; x_wconf 83' lang='lat' dir='ltr'><strong>Augustum</strong></span> <span class='ocrx_word' id='word_1_240' title='bbox 448 2969 561 3037; x_wconf 78' lang='lat' dir='ltr'><strong>quidem</strong></span> <span class='ocrx_word' id='word_1_241' title='bbox 585 2973 635 3024; x_wconf 90' lang='lat' dir='ltr'><strong>aut</strong></span> <span class='ocrx_word' id='word_1_242' title='bbox 659 2969 763 3023; x_wconf 91' lang='lat' dir='ltr'><strong>Iulium</strong></span> <span class='ocrx_word' id='word_1_243' title='bbox 782 2970 929 3026; x_wconf 81' lang='lat' dir='ltr'><strong>Caesarem</strong></span> <span class='ocrx_word' id='word_1_244' title='bbox 951 2973 994 3028; x_wconf 86' lang='lat' dir='ltr'><strong>ita</strong></span> <span class='ocrx_word' id='word_1_245' title='bbox 1018 2993 1099 3030; x_wconf 86' lang='lat' dir='ltr'><strong>voca·</strong></span> 
     </span>
     <span class='ocr_line' id='line_1_31' title="bbox 83 3039 978 3113; baseline 0.004 -19"><span class='ocrx_word' id='word_1_246' title='bbox 83 3039 164 3095; x_wconf 83' lang='lat' dir='ltr'><strong>verit.</strong></span> <span class='ocrx_word' id='word_1_247' title='bbox 202 3039 234 3093; x_wconf 93' lang='lat' dir='ltr'><strong>id</strong></span> <span class='ocrx_word' id='word_1_248' title='bbox 252 3039 328 3108; x_wconf 90' lang='lat' dir='ltr'><strong>quod</strong></span> <span class='ocrx_word' id='word_1_249' title='bbox 345 3041 516 3094; x_wconf 91' lang='lat' dir='ltr'><strong>monendum</strong></span> <span class='ocrx_word' id='word_1_250' title='bbox 535 3043 578 3095; x_wconf 88' lang='lat' dir='ltr'><strong>est</strong></span> <span class='ocrx_word' id='word_1_251' title='bbox 597 3044 695 3096; x_wconf 91' lang='lat' dir='ltr'><strong>contra</strong></span> <span class='ocrx_word' id='word_1_252' title='bbox 714 3041 895 3097; x_wconf 78' lang='lat' dir='ltr'><strong>Gossrarium</strong></span> <span class='ocrx_word' id='word_1_253' title='bbox 912 3062 938 3113; x_wconf 93' lang='lat' dir='ltr'><strong>p.</strong></span> <span class='ocrx_word' id='word_1_254' title='bbox 955 3052 978 3098; x_wconf 84' lang='lat'><strong>9.</strong></span> 
     </span>
    </p>

    <p class='ocr_par' dir='ltr' id='par_1_6' title="bbox 86 3109 1101 3237">
     <span class='ocr_line' id='line_1_32' title="bbox 156 3109 1101 3188; baseline 0.008 -24"><span class='ocrx_word' id='word_1_255' title='bbox 156 3114 183 3180; x_wconf 87' lang='grc'><strong>3)</strong></span> <span class='ocrx_word' id='word_1_256' title='bbox 204 3111 256 3165; x_wconf 87' lang='lat' dir='ltr'><strong>‘De</strong></span> <span class='ocrx_word' id='word_1_257' title='bbox 274 3109 350 3165; x_wconf 81' lang='lat' dir='ltr'><strong>Flori</strong></span> <span class='ocrx_word' id='word_1_258' title='bbox 374 3128 430 3179; x_wconf 89' lang='lat' dir='ltr'><strong>qua</strong></span> <span class='ocrx_word' id='word_1_259' title='bbox 454 3110 557 3166; x_wconf 85' lang='lat' dir='ltr'><strong>vixerit</strong></span> <span class='ocrx_word' id='word_1_260' title='bbox 581 3114 703 3181; x_wconf 62' lang='lat' dir='ltr'><strong>aetate,</strong></span> <span class='ocrx_word' id='word_1_261' title='bbox 726 3130 818 3183; x_wconf 86' lang='lat' dir='ltr'><strong>progr.</strong></span> <span class='ocrx_word' id='word_1_262' title='bbox 839 3113 1101 3188; x_wconf 81' lang='lat' dir='ltr'><strong>Quodlinburgense</strong></span> 
     </span>
     <span class='ocr_line' id='line_1_33' title="bbox 86 3182 248 3237; baseline 0.012 -2"><span class='ocrx_word' id='word_1_263' title='bbox 86 3182 152 3236; x_wconf 89' lang='lat' dir='ltr'><strong>anui</strong></span> <span class='ocrx_word' id='word_1_264' title='bbox 172 3186 248 3237; x_wconf 70' lang='lat'><strong>1837.</strong></span> 
     </span>
    </p>

    <p class='ocr_par' dir='ltr' id='par_1_7' title="bbox 84 3252 1101 3611">
     <span class='ocr_line' id='line_1_34' title="bbox 155 3252 1099 3325; baseline 0.007 -17"><span class='ocrx_word' id='word_1_265' title='bbox 155 3257 183 3324; x_wconf 83' lang='lat'><strong>4)</strong></span> <span class='ocrx_word' id='word_1_266' title='bbox 202 3254 329 3324; x_wconf 81' lang='lat' dir='ltr'><strong>Ungerus</strong></span> <span class='ocrx_word' id='word_1_267' title='bbox 350 3252 514 3322; x_wconf 79' lang='lat' dir='ltr'><strong>‘Philologi&#39;</strong></span> <span class='ocrx_word' id='word_1_268' title='bbox 539 3253 626 3306; x_wconf 90' lang='lat' dir='ltr'>XLIII</span> <span class='ocrx_word' id='word_1_269' title='bbox 651 3257 741 3324; x_wconf 84' lang='lat'>(1884)</span> <span class='ocrx_word' id='word_1_270' title='bbox 764 3274 791 3325; x_wconf 89' lang='lat' dir='ltr'><strong>p.</strong></span> <span class='ocrx_word' id='word_1_271' title='bbox 811 3261 913 3325; x_wconf 81' lang='lat' dir='ltr'><strong>417sq.</strong></span> <span class='ocrx_word' id='word_1_272' title='bbox 939 3259 1099 3315; x_wconf 88' lang='lat' dir='ltr'><strong>accuratius</strong></span> 
     </span>
     <span class='ocr_line' id='line_1_35' title="bbox 84 3324 1101 3399; baseline 0.009 -21"><span class='ocrx_word' id='word_1_273' title='bbox 84 3327 196 3395; x_wconf 91' lang='lat' dir='ltr'><strong>tempus</strong></span> <span class='ocrx_word' id='word_1_274' title='bbox 214 3324 256 3378; x_wconf 88' lang='lat' dir='ltr'><strong>ita</strong></span> <span class='ocrx_word' id='word_1_275' title='bbox 276 3324 374 3378; x_wconf 87' lang='lat' dir='ltr'><strong>definit</strong></span> <span class='ocrx_word' id='word_1_276' title='bbox 388 3327 424 3393; x_wconf 90' lang='lat' dir='ltr'><strong>(p.</strong></span> <span class='ocrx_word' id='word_1_277' title='bbox 440 3327 516 3394; x_wconf 84' lang='lat'>441):</span> <span class='ocrx_word' id='word_1_278' title='bbox 534 3326 606 3379; x_wconf 76' lang='lat' dir='ltr'><strong>uach</strong></span> <span class='ocrx_word' id='word_1_279' title='bbox 620 3325 755 3381; x_wconf 78' lang='lat' dir='ltr'><strong>Hadriaca</strong></span> <span class='ocrx_word' id='word_1_280' title='bbox 772 3329 832 3382; x_wconf 71' lang='lat' dir='ltr'><strong>aad</strong></span> <span class='ocrx_word' id='word_1_281' title='bbox 845 3328 1007 3386; x_wconf 73' lang='lat' dir='ltr'><strong>Antoninos</strong></span> <span class='ocrx_word' id='word_1_282' title='bbox 1022 3333 1101 3399; x_wconf 80' lang='lat' dir='ltr'><strong>Plus,</strong></span> 
     </span>
     <span class='ocr_line' id='line_1_36' title="bbox 85 3396 1100 3469; baseline 0.007 -17"><span class='ocrx_word' id='word_1_283' title='bbox 85 3398 216 3454; x_wconf 77' lang='lat' dir='ltr'><strong>cutwccler</strong></span> <span class='ocrx_word' id='word_1_284' title='bbox 234 3398 365 3450; x_wconf 78' lang='lat' dir='ltr'><strong>wdbrcacl</strong></span> <span class='ocrx_word' id='word_1_285' title='bbox 383 3398 429 3450; x_wconf 85' lang='lat' dir='ltr'><strong>des</strong></span> <span class='ocrx_word' id='word_1_286' title='bbox 443 3397 619 3463; x_wconf 79' lang='lat' dir='ltr'><strong>portbtscbca</strong></span> <span class='ocrx_word' id='word_1_287' title='bbox 636 3396 751 3467; x_wconf 78' lang='lat' dir='ltr'><strong>Kriepes</strong></span> <span class='ocrx_word' id='word_1_288' title='bbox 768 3400 833 3453; x_wconf 78' lang='lat' dir='ltr'><strong>oder</strong></span> <span class='ocrx_word' id='word_1_289' title='bbox 850 3402 936 3469; x_wconf 82' lang='lat' dir='ltr'><strong>pleicb</strong></span> <span class='ocrx_word' id='word_1_290' title='bbox 954 3404 1027 3457; x_wconf 81' lang='lat' dir='ltr'><strong>oucb</strong></span> <span class='ocrx_word' id='word_1_291' title='bbox 1045 3405 1100 3458; x_wconf 80' lang='lat' dir='ltr'><strong>itm</strong></span> 
     </span>
     <span class='ocr_line' id='line_1_37' title="bbox 86 3465 1098 3536; baseline 0.009 -16"><span class='ocrx_word' id='word_1_292' title='bbox 86 3467 154 3536; x_wconf 87' lang='lat' dir='ltr'><strong>(fere</strong></span> <span class='ocrx_word' id='word_1_293' title='bbox 177 3472 229 3520; x_wconf 81' lang='lat'><strong>920</strong></span> <span class='ocrx_word' id='word_1_294' title='bbox 253 3483 277 3520; x_wconf 88' lang='lat' dir='ltr'><strong>a.</strong></span> <span class='ocrx_word' id='word_1_295' title='bbox 302 3484 327 3519; x_wconf 93' lang='lat' dir='ltr'><strong>u.</strong></span> <span class='ocrx_word' id='word_1_296' title='bbox 349 3484 371 3520; x_wconf 90' lang='lat' dir='ltr'><strong>c.</strong></span> <span class='ocrx_word' id='word_1_297' title='bbox 398 3493 430 3510; x_wconf 94' lang='lat'>=</span> <span class='ocrx_word' id='word_1_298' title='bbox 456 3470 507 3520; x_wconf 85' lang='grc'><strong>167</strong></span> <span class='ocrx_word' id='word_1_299' title='bbox 527 3485 552 3535; x_wconf 94' lang='lat' dir='ltr'><strong>p.</strong></span> <span class='ocrx_word' id='word_1_300' title='bbox 573 3465 654 3535; x_wconf 82' lang='lat' dir='ltr'><strong>Chr).</strong></span> <span class='ocrx_word' id='word_1_301' title='bbox 693 3469 744 3522; x_wconf 90' lang='lat' dir='ltr'><strong>sub</strong></span> <span class='ocrx_word' id='word_1_302' title='bbox 763 3469 800 3523; x_wconf 89' lang='lat' dir='ltr'><strong>M.</strong></span> <span class='ocrx_word' id='word_1_303' title='bbox 821 3470 936 3525; x_wconf 87' lang='lat' dir='ltr'><strong>Aurelio</strong></span> <span class='ocrx_word' id='word_1_304' title='bbox 955 3473 1098 3528; x_wconf 89' lang='lat' dir='ltr'><strong>Antonino</strong></span> 
     </span>
     <span class='ocr_line' id='line_1_38' title="bbox 84 3536 1097 3611; baseline 0.007 -18"><span class='ocrx_word' id='word_1_305' title='bbox 84 3538 116 3593; x_wconf 80' lang='grc' dir='ltr'><strong>Ε.</strong></span> <span class='ocrx_word' id='word_1_306' title='bbox 136 3536 288 3591; x_wconf 91' lang='lat' dir='ltr'><strong>Boisardus</strong></span> <span class='ocrx_word' id='word_1_307' title='bbox 308 3536 338 3590; x_wconf 90' lang='lat' dir='ltr'><strong>in</strong></span> <span class='ocrx_word' id='word_1_308' title='bbox 356 3536 462 3606; x_wconf 88' lang='lat' dir='ltr'><strong>libello,</strong></span> <span class='ocrx_word' id='word_1_309' title='bbox 482 3537 527 3591; x_wconf 93' lang='lat' dir='ltr'><strong>cui</strong></span> <span class='ocrx_word' id='word_1_310' title='bbox 541 3537 685 3608; x_wconf 90' lang='lat' dir='ltr'><strong>inscripsit</strong></span> <span class='ocrx_word' id='word_1_311' title='bbox 701 3539 741 3594; x_wconf 86' lang='lat' dir='ltr'><strong>‘la</strong></span> <span class='ocrx_word' id='word_1_312' title='bbox 755 3540 922 3611; x_wconf 82' lang='lat' dir='ltr'><strong>biographie</strong></span> <span class='ocrx_word' id='word_1_313' title='bbox 936 3543 971 3598; x_wconf 89' lang='lat' dir='ltr'><strong>de</strong></span> <span class='ocrx_word' id='word_1_314' title='bbox 984 3543 1097 3600; x_wconf 84' lang='lat' dir='ltr'><strong>Florus&#39;</strong></span> 
     </span>
    </p>
   </div>
   <div class='ocr_carea' id='block_1_5' title="bbox 0 0 1204 3922">
    <p class='ocr_par' dir='ltr' id='par_1_8' title="bbox 0 0 1204 3922">
     <span class='ocr_line' id='line_1_39' title="bbox 0 0 1204 3922; baseline 0 0"><span class='ocrx_word' id='word_1_315' title='bbox 0 0 1204 3922; x_wconf 95' lang='lat' dir='ltr'><strong> </strong></span> 
     </span>
    </p>
   </div>
  </div>
 </body>
</html>
