2386 3922
104 175 157 228 XII
410 175 611 227 PRAEFATIO
630 174 800 226 EDITORIS

59 363 64 374 ·
106 344 212 402 afferre
240 342 357 416 studui,
384 341 562 418 praesertim
592 359 661 400 oum
687 341 736 399 hic
763 359 938 400 rasurarum
967 361 1027 402 non
1050 362 1118 402 eam

104 432 253 492 rationem
285 430 425 490 habuerit
456 448 534 507 quae
567 430 655 489 hodie
683 429 791 489 merito
818 430 992 506 requiritur.
1039 451 1118 508 quae

107 521 344 597 emendationes,
375 538 444 578 cum
470 512 511 578 B¹
544 519 648 579 eodem
678 518 842 596 archetypo
870 538 930 596 quo
958 518 1119 578 librarium

107 629 197 669 usum
219 627 283 668 esse
305 609 367 667 iam
390 611 516 686 constet,
540 607 674 667 dubitari
696 626 756 667 non
778 610 880 684 potest
903 608 977 684 quin
995 610 1120 666 maximi

106 698 197 775 pretii
220 698 291 760 sint.
327 697 484 775 aliquanto
502 697 630 756 rariores
654 700 685 756 et
707 697 831 756 minoris
853 697 946 772 pretii
964 700 1035 756 sunt
1053 716 1120 757 cor-

61 799 92 838 Β2
106 788 254 847 rectiones
276 804 383 845 manus
409 786 514 862 paullo
539 784 713 845 recentioris
736 776 806 866 (Βῖ)
829 789 860 845 61
884 785 921 844 ab
943 786 1050 846 Iahnio
1073 788 1115 845 in·

106 876 227 936 terdum
254 894 323 934 cum
349 867 390 933 Bl
412 875 568 953 confusae,
598 893 675 952 quae
703 877 735 933 et
760 875 828 951 ipsa
854 877 953 934 totum
985 875 1120 935 codicem

106 964 306 1042 pertractavit
334 967 365 1023 et
392 965 512 1023 saeculo
540 962 698 1022 undecimo
726 964 776 1024 vel
798 963 975 1024 duodecimo
997 965 1122 1025 videtur

78 1076 80 1081 ·
107 1053 269 1113 tribuenda
287 1071 360 1112 esse.
392 1053 472 1113 hunc
490 1052 586 1131 igitur
603 1052 716 1111 librum
735 1052 891 1130 egregium
910 1071 979 1112 cum
994 1054 1120 1112 Iahnius

109 1143 182 1202 satis
205 1142 368 1220 diligenter
390 1143 576 1216 contulisset,
602 1144 704 1200 tamen
727 1141 788 1200 iam
810 1141 951 1201 Halmius
975 1143 1028 1219 qui
1051 1161 1121 1201 eum

107 1232 145 1290 ad
177 1232 266 1290 illum
298 1231 433 1307 Lipsiam
464 1232 680 1307 apportaverat
710 1231 822 1288 iterum
854 1231 990 1308 inspecto
1020 1232 1121 1291 codice

107 1321 225 1398 aliquot
252 1320 346 1380 bonas
372 1319 517 1379 lectiones
545 1319 583 1379 ab
614 1319 710 1378 arnico
733 1320 887 1397 neglectas
910 1337 975 1378 esse
998 1320 1121 1379 detexit.

108 1428 176 1468 cum
200 1409 279 1467 enim
302 1408 351 1467 hio
373 1409 412 1467 ad
436 1408 574 1467 Seebodii
597 1409 750 1484 exemplar
772 1406 1025 1486 Bambergensem
1051 1428 1121 1468 con·

107 1498 238 1572 tulisset,
261 1496 313 1555 sed
336 1497 499 1556 editionem
521 1497 717 1573 Bipontinam
739 1497 932 1574 typographo
955 1498 1121 1574 exprimen-

108 1587 177 1645 dam
208 1585 391 1664 tradidisset,
423 1586 533 1645 accidit
564 1589 601 1645 ut
627 1604 666 1644 aa
695 1604 773 1662 quae
803 1585 865 1644 iam
893 1586 1057 1647 Seebodius
1085 1606 1123 1645 ex

108 1675 210 1734 codice
232 1678 389 1751 receperat
409 1667 766 1755 praetermitterentu11).
794 1675 898 1752 itaque
919 1676 1122 1735 necessarium

109 1767 183 1841 erat,
207 1764 279 1840 quia
297 1763 436 1822 Halmius
458 1765 518 1822 nisi
536 1763 676 1842 graviora
693 1782 754 1823 non
772 1768 999 1843 memoraverat,
1023 1765 1123 1824 denuo

108 1852 221 1911 librum
248 1852 421 1912 examinari.
468 1853 548 1930 quod
576 1871 645 1911 cum
670 1852 822 1930 fecissem,
851 1854 914 1912 alia
941 1873 1063 1932 quoque
1091 1855 1124 1912 in

109 1961 144 2000 eo
168 1941 266 1999 inesse
288 1941 351 2002 vidi
370 1960 448 2018 quae
466 1944 595 2018 uterque
615 1941 713 2000 editor
730 1943 914 2020 neglexerat,
939 1961 1125 2020 quamquam

109 2049 169 2088 non
197 2029 298 2108 exigui
325 2030 470 2089 momenti
498 2030 536 2089 ad
564 2031 690 2089 Florum
717 2030 937 2090 emendandum
965 2034 1059 2091 erant.
1108 2050 1124 2089 e

110 2118 220 2195 quibus
249 2137 348 2195 pauca
375 2119 449 2178 haec
477 2119 614 2195 exempla
639 2138 818 2196 proponam:
854 2141 884 2196 p.
905 2123 960 2196 37,
985 2123 1003 2180 3
1032 2119 1124 2178 huius

111 2207 252 2266 editionis
271 2211 402 2267 torenton
417 2208 444 2266 B
462 2211 542 2268 recte
561 2208 669 2267 habuit
688 2208 769 2285 quod
786 2201 826 2265 Β1
845 2209 877 2266 in
896 2213 1040 2268 torentem
1056 2229 1126 2267 mu-

109 2297 201 2373 tavit3
237 2318 266 2373 p.
287 2298 341 2374 39,
367 2299 407 2356 18
432 2298 519 2357 clitus
542 2300 588 2356 est
610 2298 643 2355 in
665 2297 691 2355 B
719 2316 779 2357 non
806 2299 915 2376 clitum,
941 2301 977 2357 ut
999 2298 1125 2356 Iahnius

109 2386 240 2462 putabat
263 2387 315 2463 qui
333 2405 349 2444 e
366 2388 526 2462 parvulam
545 2405 637 2462 supra
654 2405 676 2444 c
693 2385 825 2461 positam
843 2405 912 2446 cum
930 2388 983 2446 illo
1002 2386 1126 2445 litterae

109 2493 140 2532 rc
162 2474 338 2550 compendio
362 2475 513 2551 confudit;
545 2495 574 2550 p.
594 2477 651 2550 42,
677 2477 717 2532 14
741 2479 824 2534 tosctu
851 2480 948 2535 tameo
970 2479 1017 2535 est
1043 2475 1076 2533 in
1099 2475 1125 2533 Β

110 2582 171 2621 non
194 2567 292 2621 tomen
314 2567 409 2637 toutu3
446 2583 475 2639 p.
495 2565 550 2639 83,
577 2565 616 2620 17
642 2566 845 2637 pauperrimis
867 2565 894 2623 B
916 2564 1042 2641 praebet
1064 2584 1126 2623 non

105 2652 304 2727 pauperibus,
329 2672 358 2727 p.
380 2653 451 2728 101,
473 2654 491 2710 2
514 2653 632 2724 inperii
653 2652 776 2711 babebat
796 2653 823 2711 B
846 2673 906 2714 non
928 2655 1127 2713 1616161161-

105 2742 200 2816 perii3
223 2760 251 2815 p.
270 2741 341 2817 104,
362 2742 380 2798 2
400 2740 467 2799 loco
487 2759 505 2798 a
522 2740 613 2800 tineis
632 2759 719 2801 exeso
738 2744 800 2801 tres
819 2743 941 2801 litterae
959 2742 1127 2820 perierunt,

111 2850 325 2859 ——-—-—-

184 2911 210 2979 1)
229 2927 254 2963 v.
277 2907 342 2961 ‘Iuli
359 2907 436 2962 Flori
455 2908 596 2979 epitomae
614 2909 680 2962 libri
699 2910 754 2964 duo
773 2927 864 2981 recog.
885 2911 1000 2966 Carolus
1019 2911 1127 2980 Halm',

112 2979 225 3052 Lipsiae
234 2978 442 3033 MDCCCLXIII
452 2998 478 3050 p.
486 2980 532 3034 III.
548 2983 672 3034 ceterum
686 2981 840 3050 gloriamur
853 2999 928 3036 nunc
942 2982 1128 3053 diplomatica

112 3052 163 3107 illa
182 3069 238 3120 qua
256 3049 324 3104 libri
340 3067 426 3104 manu
446 3050 544 3120 scripti
563 3051 683 3106 conferri
701 3052 811 3107 soleant
831 3052 989 3177 diligentia,
1009 3053 1059 3107 sed
1073 3054 1128 3107 hac

112 3123 190 3178 inre
210 3138 321 3177 omnem
340 3123 463 3176 aetatem
480 3122 573 3191 priore
592 3122 728 3177 maiorem
747 3140 842 3177 curam
861 3141 878 3178 a
899 3123 996 3179 hibere
1011 3124 1128 3178 sensim·

113 3211 167 3262 que
187 3211 250 3248 eam
268 3195 381 3247 auctam
405 3209 465 3246 esse
489 3210 552 3246 cum
570 3193 628 3247 alia
651 3194 753 3248 docent
776 3197 838 3248 tum
856 3195 1018 3250 Ruhnkenii
1041 3197 1129 3250 verba

113 3265 145 3318 in
166 3264 342 3334 praefatione
365 3263 479 3333 Apuleii
502 3264 733 3336 Oudendorpiani
756 3266 810 3321 vol.
830 3266 850 3334 I,
878 3285 905 3336 p.
924 3267 975 3321 IX:
1004 3266 1129 3322 ‘Ouden-

114 3336 229 3404 dorpius
247 3335 278 3387 in
296 3335 349 3388 hac
367 3351 479 3402 quoque
498 3335 649 3390 collatione
671 3336 752 3390 illam
771 3336 958 3407 diligentiam,
978 3355 1034 3405 qua
1053 3356 1129 3392 nunc

113 3406 205 3460 critici
232 3408 340 3460 veteres
368 3407 546 3460 membranas
576 3406 733 3476 excutiunt,
762 3408 914 3476 aliquando
943 3409 1074 3477 requirit’
1101 3413 1131 3464 et

113 3493 141 3545 p.
156 3478 243 3546 qu.:
278 3476 363 3529 ‘tanti
390 3476 421 3529 in
448 3477 501 3531 hac
524 3477 660 3532 librorum
683 3479 893 3548 comparatione
916 3480 1002 3534 refert
1024 3481 1129 3548 quibus

117 3549 203 3603 oculis
223 3551 252 3602 et
271 3564 356 3614 quam
375 3547 465 3602 otiose
483 3565 542 3602 rem
557 3549 647 3618 agas’.
